2613 4161
317 290 400 347 20
946 285 1009 331 D.
1043 284 1236 331 JUN11
1271 282 1662 330 JUVENALIS

321 428 465 484 Cras
492 426 647 484 bibet
676 425 917 482 Albanis
945 425 1153 500 aliquid
1184 425 1255 480 de
1287 423 1593 493 montibuS,
1623 431 1720 479 aut
1745 420 1819 477 de

323 506 554 577 Setinis,
584 504 747 579 cujus
767 505 1006 579 patriam
1033 504 1369 575 titulumque
1399 512 1662 557 senectus

320 583 546 640 Delevit
573 583 753 639 multa
777 582 978 638 veteris
1007 581 1241 653 fuligine
1269 590 1425 635 testae
1449 598 1464 646 3

318 662 509 722 Quale
540 662 790 718 coronati
820 660 1077 716 Thrasea
1105 657 1514 730 Helvidiusque
1543 655 1813 711 bibebant

320 740 624 796 Brutorum
651 754 707 794 et
735 737 900 794 Cassi
929 737 1228 794 natalibus,
1312 734 1443 809 Ipse
1486 752 1725 808 capaces

321 818 629 874 Heliadum
657 827 894 887 crustas,
922 827 980 873 et
1007 814 1314 888 inaequales
1341 813 1552 886 beryllo

319 896 488 953 Virro
516 906 671 951 tenet
696 894 913 970 phialas
938 913 951 950 :
993 893 1095 951 tibi
1124 912 1240 950 non
1268 892 1640 948 committitur
1668 906 1869 947 aurum
1891 907 1908 958 ς

319 974 450 1044 Vel,
480 974 526 1029 si
555 974 781 1048 quando
809 974 992 1042 datur,
1023 982 1214 1029 custos
1243 971 1443 1026 affixus
1467 970 1697 1042 ibidem,

320 1052 443 1119 Qui
471 1062 732 1108 numeret
759 1070 1031 1125 gemmaS,
1060 1068 1395 1125 unguesque
1421 1049 1679 1104 observet
1720 1056 1934 1104 acutos

321 1119 412 1185 Da
435 1131 660 1186 veniam
682 1150 693 1185 z
737 1130 1006 1202 praeclara
1033 1127 1153 1184 illic
1180 1127 1441 1182 laudatur
1470 1125 1656 1199 iaspis

324 1207 478 1263 Nam
506 1208 692 1278 Virro,
722 1219 782 1263 ut
804 1207 985 1276 multi,
1014 1222 1268 1279 gemmas
1296 1204 1367 1258 ad
1396 1203 1603 1276 pocula
1628 1201 1895 1258 transfert

322 1288 377 1342 A
410 1287 620 1360 digitis,
650 1303 788 1358 quas
817 1284 874 1339 in
904 1283 1122 1357 vaginae
1152 1282 1333 1337 fronte
1362 1280 1577 1336 solebat

321 1363 541 1420 Ponere
573 1363 828 1436 zelotypo
849 1361 1072 1436 juvenis
1097 1359 1365 1434 praelatus
1393 1358 1591 1414 Iarbae.

321 1441 421 1497 Tu
449 1441 837 1497 Beneventani
866 1439 1304 1496 sutorisnomen
1337 1437 1641 1493 habentem

323 1519 580 1576 Siccabis
608 1518 846 1574 calicem
875 1535 1138 1574 nasorum
1166 1528 1423 1590 quatuor,
1452 1534 1521 1570 ac
1556 1515 1674 1590 jam

319 1598 691 1665 Quassatum‚
714 1607 770 1653 et
796 1607 958 1671 rupto
985 1605 1314 1669 poscentem
1341 1594 1554 1650 sulfura
1581 1594 1737 1650 vitro.

325 1675 387 1731 Si
417 1675 740 1732 stomachus
768 1674 982 1731 domini
1013 1675 1189 1730 fervet
1214 1674 1455 1747 vinoque
1484 1673 1722 1746 ciboque
1750 1691 1765 1741 3

323 1753 606 1827 Frigidior
634 1753 854 1809 Geticis
880 1754 1086 1828 petitur
1115 1753 1356 1808 decocta
1384 1751 1620 1824 pruinis.

401 1832 536 1889 Non
564 1832 763 1887 eadem
793 1832 948 1888 vobis
974 1831 1108 1906 poni
1136 1828 1306 1887 modo
1337 1831 1468 1886 vina
1495 1829 1766 1904 querebar
1790 1847 1804 1885 :

322 1910 443 1967 Vos
473 1911 643 1967 aliam
668 1911 873 1985 potatis
902 1929 1119 1984 aquam.
1204 1909 1342 1965 Tibi
1370 1909 1575 1984 pocula
1601 1927 1794 1963 cursor

324 1990 582 2045 Gaetulus
610 1989 766 2044 dabit
796 1999 892 2044 aut
916 1988 1064 2061 nigri
1092 2006 1296 2043 manus
1323 2006 1485 2044 ossea
1513 1985 1723 2054 Mauri,

324 2066 400 2124 Et
427 2067 521 2123 cui
548 2087 647 2141 per
675 2067 921 2123 mediam
952 2064 1095 2122 nolis
1122 2085 1421 2121 occurrere
1452 2074 1698 2133 noctem,

325 2145 565 2201 Clivosae
593 2145 814 2200 veheris
842 2145 977 2199 dum
1006 2162 1102 2217 per
1130 2153 1497 2199 monumenta
1524 2141 1759 2197 Latinae.

326 2223 460 2279 Flos
491 2224 644 2279 Asiae
675 2233 806 2279 ante
835 2223 1038 2297 ipsum,
1065 2222 1246 2296 pretio
1273 2221 1485 2294 majore
1513 2229 1759 2294 paratuS,

325 2299 524 2362 Quam
554 2302 657 2358 suit
685 2312 742 2358 et
770 2301 929 2357 Tulli
958 2319 1164 2357 census
1192 2300 1489 2375 pugnaciS,
1518 2310 1575 2355 et
1603 2297 1777 2370 Anci,

326 2379 419 2451 Et,
450 2399 522 2436 ne
552 2391 606 2437 te
637 2391 882 2452 teneam,
913 2381 1309 2435 Romanorum
1336 2379 1530 2435 omnia
1556 2395 1756 2451 regum

326 2457 570 2515 Frivola.
653 2457 829 2517 Quod
858 2476 1032 2531 quum
1062 2458 1141 2513 ita
1168 2458 1258 2526 sit,
1287 2468 1349 2513 tu
1371 2456 1660 2511 Gaetulum
1682 2454 2077 2529 Ganymedem

327 2535 599 2608 Respice,
622 2553 797 2609 quum
827 2535 996 2591 sities,
1080 2535 1284 2590 Nescit
1311 2543 1393 2590 tot
1420 2534 1670 2588 millibus
1696 2544 1921 2607 emptus

326 2613 678 2688 Pauperibus
706 2613 946 2668 miscere
974 2630 1145 2685 puer:
1190 2611 1289 2667 sed
1323 2612 1519 2679 forma,
1549 2610 1649 2665 sed
1680 2621 1817 2666 aetas

327 2691 522 2764 Digna
549 2689 867 2764 supercilio.
949 2689 1202 2749 Quando
1231 2689 1301 2745 ad
1332 2699 1386 2744 te
1414 2688 1669 2762 pervenit
1696 2687 1830 2743 ille'l

325 2769 582 2831 Quando
608 2778 841 2824 vocatus
872 2767 1031 2822 adest
1059 2768 1258 2822 calidae
1287 2766 1601 2840 gelidaeque
1628 2766 1930 2823 minister?

324 2848 557 2922 Quippe
585 2846 912 2918 indignatur
940 2845 1114 2901 veteri
1139 2863 1338 2917 parere
1369 2844 1582 2915 clienti,

324 2922 616 2999 Quodque
646 2922 854 2996 aliquid
882 2941 1101 2997 poscaS‚
1130 2934 1187 2978 et
1214 2919 1367 2996 quod
1396 2942 1456 2978 se
1485 2932 1667 2978 stante
1695 2923 2013 2980 recumbas,

328 3003 585 3060 Maxima
610 3020 846 3076 quaeque
876 3002 1076 3057 domus
1098 3002 1273 3057 servis
1300 3011 1387 3056 est
1414 3001 1585 3076 plena
1611 3001 1883 3075 superbis,

406 3082 562 3139 Ecce
594 3081 737 3137 alius
764 3091 973 3154 quanto
998 3079 1245 3153 porrexit
1271 3098 1559 3152 murmure
1588 3098 1794 3154 panem

326 3161 440 3217 Vix
468 3162 728 3231 fractum,
757 3160 948 3216 solidae
971 3158 1089 3234 jam
1116 3159 1348 3215 mucida
1376 3159 1550 3215 frusta
1578 3159 1791 3231 farinae,

325 3238 479 3296 Quae
508 3239 823 3313 genuinum
853 3238 1086 3312 agitent,
1117 3257 1230 3294 non
1261 3237 1617 3294 admittentia
1643 3233 1927 3293 morsum!

329 3315 445 3371 Sed
474 3326 739 3385 tener‚·et
766 3317 982 3388 niveus,
1012 3316 1275 3388 mollique
1304 3314 1529 3388 siligine
1558 3316 1741 3370 factus

330 3392 596 3447 Servatur
624 3394 854 3450 domino
879 3413 891 3449 ε
935 3394 1190 3449 dextram
1218 3392 1484 3449 cohibere
1512 3403 1815 3449 mementO.

331 3468 503 3526 Salva
530 3470 601 3524 sit
616 3473 867 3545 artocopi
886 3471 1216 3527 reverentia.
1300 3469 1486 3543 Finge
1514 3480 1703 3526 tamen
1733 3483 1791 3526 te

329 3546 752 3620 Improbulum;
797 3560 1050 3621 superest
1077 3548 1213 3620 illic,
1243 3548 1337 3622 qui
1365 3567 1575 3621 ponere
1603 3560 1787 3622 cogat.

328 3625 434 3682 Vis
461 3634 522 3679 tu
550 3624 836 3680 consuetis
867 3626 1052 3680 audax
1080 3628 1318 3682 conviva
1344 3626 1606 3682 canistris

331 3702 582 3773 Impleri,
610 3701 883 3775 panisque
912 3703 992 3757 tui
1021 3705 1243 3759 novisse
1271 3703 1563 3760 colorem?

330 3777 567 3835 Scilicet
594 3779 704 3835 hoc
732 3778 931 3849 fuerat,
960 3789 1183 3852 propter
1212 3781 1382 3853 quod,
1412 3780 1563 3857 saepe
1592 3781 1791 3839 relicta

2214 576 2300 633 35

2213 967 2294 1024 40

2211 1354 2291 1411 45

2212 3315 2292 3373 70

2212 3704 2295 3762 75
