2613 4161
322 255 398 309 46
943 248 1009 295 D.
1042 246 1240 294 JUNII
1273 245 1671 293 JUVENALIS

320 390 622 466 Unguibus
651 390 731 446 ire
758 398 919 464 parat
945 407 1209 446 nummos
1237 398 1466 462 raptura
1493 387 1729 444 Celaeno
1753 407 1767 443 :

321 470 496 525 Tunc
525 469 660 525 licet
688 489 720 525 a
748 467 888 527 Pico
909 486 1176 524 numeres
1205 485 1422 540 genus3
1468 466 1691 539 altaque
1720 467 1767 522 si
1794 466 1872 523 te‘

322 548 575 604 Nomina
603 548 910 617 delectant,
932 565 1161 602 ornnem
1192 545 1470 601 Titanida
1498 564 1752 619 pugnam

322 626 479 682 Inter
507 626 747 701 majores
778 625 1071 699 ipsumque
1101 624 1441 679 Promethea
1468 642 1682 697 ponas:

321 704 411 760 De
438 698 777 779 quocunque
808 702 959 760 voles
987 721 1256 776 proavum
1281 702 1386 757 tibi
1416 702 1624 758 sumito
1651 701 1810 758 libro.

320 782 500 843 Quod
530 784 576 839 si
604 782 954 857 praecipitem
984 780 1130 854 rapit
1158 779 1393 836 ambitio
1421 792 1588 854 atque
1616 780 1814 852 libido,

325 861 386 917 Si
418 860 628 935 frangis
659 860 843 935 virgas
870 859 1151 916 sociorum
1182 859 1241 914 in
1270 858 1573 933 sanguine,
1603 859 1649 916 si
1679 871 1735 916 te

322 939 627 996 Delectant
654 939 887 995 hebetes
914 938 1061 994 lasso
1088 938 1285 994 lictore
1315 956 1577 1006 secures;

323 1016 533 1092 Incipit
563 1019 812 1092 ipsorum
841 1028 1039 1074 contra
1067 1028 1122 1073 te
1151 1028 1297 1072 stare
1328 1027 1628 1090 parentum

324 1095 627 1166 Nobilitas,
656 1097 981 1170 claramque
1011 1096 1196 1151 facem
1222 1095 1488 1170 praeferre
1515 1095 1815 1170 pudendiS.

323 1173 513 1230 Omne
543 1175 716 1231 animi
747 1174 942 1231 vitium
970 1183 1130 1230 tanto
1158 1174 1521 1248 conspectius
1550 1174 1609 1230 in
1637 1193 1699 1230 se

325 1252 561 1308 Crimen
590 1253 779 1323 habet,
808 1263 1017 1326 quanto
1045 1251 1241 1327 major,
1269 1252 1366 1327 qui
1394 1262 1618 1327 peccat,
1649 1253 1904 1310 habetur.

322 1328 464 1391 Quo
494 1331 633 1387 mihi
662 1342 717 1388 te
746 1331 970 1388 solitum
1004 1330 1170 1387 falsas
1199 1331 1426 1405 signare
1453 1330 1717 1387 tabellas·
1746 1330 1749 1335 ’

324 1406 394 1464 In
425 1409 668 1483 templis,
696 1428 820 1483 quae
851 1410 985 1465 fecit
1013 1429 1170 1480 avuS,
1199 1419 1554 1484 statuamque
1581 1410 1832 1484 parentis

325 1488 482 1543 Ante
512 1487 952 1562 triumphalem?
993 1485 1127 1562 quo,
1158 1488 1204 1544 si
1229 1498 1545 1545 nocturnus
1572 1489 1792 1546 adulter

324 1564 613 1640 Tempora
643 1567 955 1624 Santonico
976 1567 1127 1624 velas
1150 1568 1419 1642 adoperta
1446 1567 1712 1624 cucullo?

324 1643 535 1700 Praeter
563 1645 839 1720 majorum
868 1645 1092 1702 cineres
1120 1657 1286 1720 atque
1315 1665 1442 1703 ossa
1469 1646 1685 1702 volucri

325 1722 611 1797 Carpento
639 1724 849 1799 rapitur
876 1725 1104 1799 pinguis
1131 1723 1533 1800 DamasippuS,
1562 1736 1620 1781 et
1646 1725 1786 1800 ipse,

324 1800 454 1875 Ipse
483 1813 660 1860 rotam
691 1803 991 1878 adstringit
1017 1803 1197 1860 multo
1226 1803 1544 1860 sufflamine
1573 1803 1789 1861 Consul
1816 1822 1829 1860 :

322 1878 510 1938 Nocte
538 1882 767 1957 quidem
790 1902 805 1951 ;
847 1883 947 1939 sed
976 1881 1114 1939 luna
1141 1882 1312 1953 videt,
1343 1883 1445 1939 sed
1474 1883 1659 1963 sidera
1685 1894 1857 1941 testes

322 1958 639 2017 Intendunt
663 1962 874 2018 oculos,
957 1960 1214 2017 Finitum
1243 1972 1468 2036 tempus
1496 1962 1727 2019 honoris

321 2037 523 2099 Quum
552 2039 739 2110 fuerit,
768 2038 922 2096 clara
950 2037 1331 2114 Damasippus
1359 2039 1487 2097 luce
1517 2039 1805 2117 flagellum

324 2117 545 2187 Sumet‚
573 2127 632 2173 et
657 2137 959 2175 occursum
987 2136 1277 2191 nunquam
1304 2118 1609 2193 trepidabit
1638 2120 1807 2178 amici

322 2194 451 2251 Jam
482 2196 655 2269 senis,
685 2215 753 2253 ac
783 2196 940 2272 virga
968 2196 1121 2271 prior
1149 2206 1385 2270 annuet,
1417 2209 1583 2271 atque
1613 2199 1891 2274 maniplos
1965 2222 1970 2226 ·

282 2297 299 2314 s
323 2273 533 2347 Solvet,
562 2286 621 2332 et
648 2276 915 2333 infundet
936 2275 1210 2351 jumentis
1238 2276 1727 2352 hordeQassQ

321 2351 569 2424 Interea,
598 2355 735 2410 dum
763 2354 982 2412 lanatas
1008 2365 1341 2430 torvumque
1363 2348 1672 2431 juvencum

320 2429 485 2489 More
512 2431 571 2487 Ν
579 2452 723 2488 umae
752 2434 924 2489 caedit
950 2433 1108 2491 Jovis
1136 2446 1267 2492 ante
1297 2434 1513 2506 altaria,
1539 2434 1689 2510 jurat
1751 2485 1754 2488 ,

321 2508 515 2565 Solam
544 2509 804 2585 Eponam
833 2523 892 2569 et
919 2512 1094 2568 facies
1121 2513 1273 2570 olida
1301 2514 1372 2569 ad
1400 2514 1674 2588 praesepia
1703 2514 1902 2590 pictas,

321 2587 439 2643 Sed
467 2606 642 2663 quum
671 2589 972 2664 pervigiles
997 2591 1185 2665 placet
1206 2593 1521 2648 instaurare
1546 2592 1788 2668 popinas
1809 2611 1825 2662 ;

319 2665 539 2723 Obvius
567 2667 792 2724 assiduo
822 2669 1201 2743 Syrophoenix
1226 2671 1375 2727 udus
1397 2689 1621 2727 amomo

319 2744 532 2816 Currit,
561 2745 832 2803 Idumaeae
864 2747 1241 2823 Syrophoenix
1270 2749 1463 2808 incola
1486 2761 1682 2825 portae,

319 2823 577 2899 Hospitis
605 2824 811 2883 affectu
842 2826 1134 2884 dominum
1167 2847 1471 2903 regemque
1501 2828 1724 2900 salutat,

318 2902 394 2960 Et
421 2921 553 2961 cum
582 2904 765 2962 venali
795 2904 992 2979 Cyane
1020 2907 1318 2964 succincta
1343 2907 1568 2982 lagena.

398 2982 679 3041 Defensor
707 2983 888 3059 culpae
917 2984 1071 3040 dicet
1098 2984 1259 3057 mihi,
1289 2986 1560 3042 Fecimus
1586 2994 1644 3042 et
1669 3005 1777 3043 nos

318 3061 466 3119 Haec
487 3063 742 3138 juvenes,
826 3061 982 3119 Esto,
1065 3063 1279 3122 Desisti
1308 3084 1535 3144 nempe,
1565 3084 1675 3121 nec
1703 3062 1853 3123 ultra

318 3139 535 3198 Fovisti
564 3159 828 3199 errorem.
913 3140 1099 3199 Breve
1123 3142 1214 3214 sit,
1242 3144 1393 3218 quod
1423 3144 1659 3218 turpiter
1687 3145 1882 3202 audeS.

317 3218 604 3279 Quaedam
633 3239 764 3277 cum
794 3221 976 3295 prima
1005 3234 1333 3279 resecentur
1362 3222 1602 3279 crimina
1632 3223 1825 3280 barba.

319 3295 563 3372 Indulge
592 3299 813 3356 veniam
842 3300 1048 3375 pueris.
1096 3351 1113 3366 χ
1132 3300 1512 3374 Damasippus
1540 3302 1612 3357 ad
1637 3301 1761 3359 illos

319 3373 701 3434 Thermarum
732 3378 944 3436 calices
974 3378 1355 3452 inscriptaque
1382 3378 1560 3435 lintea
1590 3381 1763 3452 vadit,

318 3451 582 3509 Maturus
611 3456 777 3525 bello,
807 3458 1099 3514 Armeniae
1130 3457 1421 3531 Syriaeque
1450 3459 1680 3515 tuendis

318 3532 624 3603 AmnibuS,
654 3544 711 3588 et
738 3534 950 3592 Rheno
980 3548 1145 3610 atque
1174 3534 1338 3593 Istro,
1421 3535 1700 3593 Praestare
1728 3538 2023 3596 Neronem

319 3610 599 3666 Securum
628 3612 776 3667 valet
804 3613 930 3668 haec
960 3625 1111 3670 aetaS.
1196 3614 1366 3673 Mitte
1394 3616 1578 3689 Ostia,
1609 3616 1826 3690 Caesar,

252 3753 257 3758 ,
317 3687 485 3745 Mitte
508 3709 523 3757 ;
567 3689 666 3744 sed
697 3689 757 3744 in
781 3691 991 3762 magnii
1019 3692 1266 3764 legatum
1296 3713 1486 3769 quaere
1514 3696 1741 3770 popina.

319 3764 585 3822 Inveries
613 3764 801 3838 aliquo
827 3783 960 3821 cum
988 3785 1320 3840 percussore
1344 3773 1651 3847 jacentem,

2207 389 2319 447 13⁰

2204 784 2313 838 135

2203 1175 2314 1231 140

2198 1568 2312 1624 145

2195 1963 2312 2020 150

2192 2358 2308 2414 155

2192 2751 2307 2808 160

2195 3539 2307 3597 170
