2613 4161
1029 220 1278 269 SATIRA
1313 221 1466 269 xm.

238 362 520 419 Culmine
550 359 794 431 delubri,
819 370 1093 437 tanquam
1120 363 1181 421 in
1207 382 1367 421 mare
1394 362 1619 422 fluxerit
1638 364 1824 424 amnis

238 439 585 515 Gurgitibus
614 440 793 510 miris,
822 452 880 497 et
907 439 1069 497 lactis
1097 442 1309 498 vortice
1336 452 1573 499 torrens,

332 519 653 593 Intercepta
680 519 883 575 decem
910 519 1161 593 quereris
1189 521 1446 577 sestertia
1474 522 1669 579 fraude

243 597 588 672 Sacrilegal
628 596 793 657 Quid
823 597 870 653 si
899 597 985 653 bis
1012 609 1246 655 centum
1274 599 1523 674 perdidit
1551 599 1694 657 alter

244 676 383 732 Hoc
407 693 618 732 arcana
645 676 855 732 modo!
896 673 1166 751 majorem
1194 677 1396 733 tertius
1424 677 1521 734 illa

245 756 570 825 Summam,
597 772 765 829 quam
797 753 1004 828 patulae
1033 755 1124 811 vix
1151 767 1381 829 ceperat
1410 755 1652 831 angulus
1680 759 1869 815 arcae'l

243 833 401 890 Tam
432 832 595 889 facile
624 843 682 889 et
707 850 952 908 pronum
979 846 1066 890 est
1090 853 1326 908 superos
1354 847 1725 893 contemnere
1753 847 1925 895 testes

246 913 311 967 Si
346 911 594 969 mortalis
621 912 774 968 idem
803 930 974 968 nemo
990 912 1164 968 sciat!
1250 914 1524 988 Adspice,
1553 916 1765 988 quanta

247 991 411 1047 Voce
440 991 648 1065 neget'l
690 1009 815 1064 quae
843 991 917 1047 sit
946 990 1061 1047 ficti
1091 992 1409 1048 constantia
1439 992 1662 1049 vultus?

244 1068 361 1124 Per
388 1069 520 1126 solis
550 1069 753 1140 radios,
778 1068 1139 1144 Tarpeiaque
1170 1070 1408 1126 fulmina
1430 1070 1602 1146 jurat,

246 1146 327 1204 Et
352 1146 552 1204 Martis
580 1148 869 1219 frameam,
899 1158 955 1204 et
983 1149 1224 1205 Cirrhaei
1253 1150 1474 1223 spicula
1501 1150 1661 1221 vatiS,

248 1226 362 1282 Per
389 1226 635 1283 calamos
662 1226 960 1283 venatricis
987 1228 1418 1302 pharetramque
1447 1228 1678 1300 Puella—2⁵,

255 1304 472 1378 Perque
499 1316 681 1374 tuum,
710 1315 867 1379 pater
897 1305 1083 1380 AEgaei
1111 1305 1405 1381 Neptune,
1433 1307 1738 1364 tridentem
1760 1327 1775 1376 3

250 1384 434 1440 Addit
458 1394 515 1440 et
543 1383 860 1440 Herculeos
888 1403 1072 1454 ιιι-ωε,
1102 1386 1433 1460 hastamque
1463 1384 1756 1459 Minervae,

247 1461 549 1536 Quidquid
579 1462 794 1519 habent
819 1462 1062 1519 telorum
1089 1465 1525 1520 armamentaria
1552 1466 1700 1530 coeli.

249 1540 316 1596 Si
347 1537 478 1597 vero
507 1550 556 1597 ct
591 1550 751 1614 pater
777 1551 898 1597 est:
942 1541 1277 1613 comedam,
1306 1542 1510 1616 inquit,
1539 1542 1726 1601 flebile
1755 1543 1876 1601 nati

252 1617 520 1694 Sinciput
545 1617 701 1689 eliu,
730 1617 1047 1694 Pharioque
1078 1620 1360 1677 madentis
1388 1631 1564 1680 acet0.

333 1698 500 1768 Sunt,
527 1697 589 1755 iu
618 1696 888 1754 Fortuuae
916 1698 1012 1772 qui
1040 1699 1268 1755 casibus
1294 1699 1489 1756 omnia
1512 1710 1746 1774 ponant,

254 1774 330 1832 Et
360 1776 514 1834 nullo
542 1777 781 1833 credaut
811 1777 1088 1832 mundum
1118 1788 1337 1834 rectore
1365 1778 1598 1850 moveri,

249 1852 478 1911 Natura
503 1854 759 1912 volvente
787 1854 941 1910 vices
968 1865 1026 1911 et
1053 1854 1217 1926 luciS,
1245 1866 1303 1912 et
1332 1855 1500 1924 anni3

252 1933 444 2007 Atque
473 1932 601 1991 ideo
629 1932 897 2008 intrepidi
925 1951 1282 2008 quaecunque
1310 1934 1507 1991 altaria
1535 1945 1795 2010 tangunt.

250 2010 363 2068 Est
390 2012 554 2083 alius,
584 2022 845 2068 metuens
871 2030 946 2068 ne
975 2011 1192 2068 crimen
1221 2031 1392 2088 poena
1419 2025 1717 2088 sequatur:

249 2089 370 2147 Hic
397 2101 558 2167 putat
583 2110 708 2148 esse
736 2092 893 2163 deos3,
923 2100 982 2148 et
1008 2091 1240 2166 pejerat,
1271 2102 1437 2168 atque
1465 2093 1545 2150 ita
1570 2111 1795 2151 secum:

248 2168 559 2241 Decernat,
587 2169 964 2244 quodcunque
994 2170 1160 2241 volet,
1189 2172 1260 2227 de
1289 2191 1524 2246 corpore
1551 2184 1743 2231 nostro

248 2247 380 2319 Isis,
409 2260 466 2305 et
494 2248 634 2305 irato
662 2247 822 2305 feriat
849 2267 976 2305 mea
1003 2248 1218 2305 lumina
1245 2249 1428 2320 sistr0‚

249 2326 578 2384 Dummodo
605 2327 688 2383 vel
719 2345 911 2384 caecus
935 2337 1183 2398 teneam,
1211 2347 1351 2402 quos
1379 2328 1619 2403 abnego,
1649 2347 1928 2387 nummos.

247 2404 328 2461 Et
355 2405 615 2480 phthisis,
644 2416 701 2462 et
729 2406 962 2462 vomicae
990 2416 1201 2480 putreS,
1231 2416 1288 2461 et
1316 2406 1614 2463 dimidium
1644 2425 1776 2464 crus

249 2485 405 2540 Sunt
433 2483 615 2540 tanti'l
696 2482 919 2558 Pauper
946 2485 1289 2560 locupletem
1304 2496 1498 2559 optare
1525 2487 1833 2561 podagram

249 2559 348 2617 Ne
376 2561 600 2619 dubitet
626 2560 832 2633 LadaS,
862 2562 909 2618 si
938 2581 1052 2618 non
1081 2574 1212 2638 eget
1240 2563 1539 2638 Anticyra,
1568 2583 1678 2621 nec

249 2639 601 2714 Archigene.
684 2639 846 2700 Quid
875 2641 1029 2697 enim
1058 2641 1265 2699 velocis
1292 2642 1472 2716 gloria
1499 2642 1707 2718 plantae

248 2717 509 2790 Praestat,
539 2728 598 2774 et
623 2719 878 2775 esuriens
906 2718 1102 2775 Pisaeae
1129 2739 1321 2776 ramus
1347 2720 1548 2778 olivae'l

246 2795 331 2856 Ut
357 2797 429 2853 sit
456 2815 684 2871 magna,
713 2806 904 2853 tamen
932 2795 1087 2853 certe
1116 2798 1273 2854 lenta
1299 2798 1384 2855 ira
1411 2799 1646 2857 deorum
1672 2810 1774 2858 est.

251 2874 320 2930 Si
347 2886 551 2931 curant
578 2874 748 2949 igitur
776 2887 1015 2932 cunctos
1042 2876 1245 2950 punire
1273 2888 1568 2949 nocenteS,

247 2951 510 3012 Quando
537 2954 608 3010 ad
637 2972 727 3010 me
756 2953 1024 3011 venient?
1067 2956 1166 3011 sed
1195 2966 1252 3012 et
1280 2957 1563 3013 exorabile
1592 2975 1807 3015 numen

249 3030 519 3087 Fortasse
546 3031 835 3106 experiar:
880 3032 1021 3088 solet
1049 3033 1136 3089 his
1163 3033 1475 3108 ignoscere.
1560 3034 1731 3094 Multi

249 3109 635 3167 Committunt
664 3110 864 3166 eadem
893 3111 1115 3168 diverso
1141 3112 1382 3169 crimina
1410 3114 1558 3170 fato:

253 3186 361 3243 Ille
390 3206 621 3245 crucem
643 3189 872 3245 sceleris
899 3189 1143 3263 pretium
1171 3190 1318 3261 tulit,
1349 3192 1444 3248 hic
1472 3193 1752 3250 diadema.

252 3266 357 3322 Sic
384 3267 640 3322 animum
669 3266 803 3324 dirae
832 3268 1112 3342 trepidum
1144 3268 1444 3327 formidine
1472 3271 1654 3346 culpae

250 3344 628 3401 Confirmant.
711 3345 886 3402 Tunc
914 3357 969 3402 te
987 3366 1149 3403 sacra
1176 3348 1246 3403 ad
1276 3348 1513 3404 delubra
1540 3358 1835 3406 vocantem

250 3421 554 3493 Praecedit,
584 3423 805 3480 trahere
834 3424 1007 3481 immo
1035 3426 1182 3482 ultro
1212 3444 1279 3482 ac
1308 3446 1509 3483 vexare
1537 3430 1781 3501 paratus,

250 3499 428 3571 Nam,
457 3520 633 3575 quum
661 3520 870 3578 magna
898 3503 1060 3559 malae
1089 3516 1346 3577 superest
1373 3505 1614 3560 audacia
1640 3522 1847 3575 causae,

249 3578 522 3636 Creditur
552 3599 586 3636 a
612 3581 805 3638 multis
832 3581 1057 3637 fiducia.
1143 3581 1388 3638 Mimum
1418 3582 1534 3655 agit
1563 3582 1677 3655 ille,

249 3652 472 3714 Urban'i
500 3657 723 3732 qualem
756 3659 1021 3734 fugitivus
1049 3679 1244 3716 scurra
1271 3659 1519 3715 Catulli:

246 3735 350 3793 Tu
379 3735 551 3794 miser
577 3737 883 3809 exclamas,
913 3748 975 3794 ut
1003 3738 1267 3794 Stentora
1291 3738 1519 3795 vincere
1542 3737 1744 3814 possis,

1929 883 1946 910 ‚
2007 920 2012 923 .

2074 227 2227 291 .71

2157 445 2234 503 70

2158 839 2236 895 75

2148 1622 2233 1680 85

2152 2408 2233 2465 95

2120 2800 2233 2859 100

2119 3190 2233 3247 105

2120 3582 2234 3638 110
