2613 4161
363 288 436 343 14
985 285 1046 330 D.
1081 283 1274 330 JUNII
1310 283 1702 330 JUVENALIS

361 425 634 482 Servulus
664 424 877 497 infelix,
906 435 964 482 et
991 444 1161 481 cursu
1191 426 1425 482 ventilat
1453 424 1665 498 ignem.

362 505 718 561 Scinduntur
746 505 955 560 tunicae
985 514 1181 559 sartoe:
1224 502 1395 560 modo
1425 503 1594 576 longa
1622 512 1888 559 coruscat

363 585 602 640 Sarraco
630 584 893 639 veniente
923 582 1097 652 abieS‚
1129 593 1293 654 atque
1324 582 1498 637 altera
1525 581 1724 655 pinum

361 662 619 718 Plaustra
647 662 877 730 vehunt,
907 672 1107 716 nutant
1136 660 1260 715 altae
1310 660 1627 733 populoque
1671 659 1977 718 minantur.

362 739 515 797 Nam
545 760 591 795 si
620 739 938 814 procubuit,
968 739 1063 811 qui
1093 758 1228 793 saxa
1255 738 1549 812 Ligustica
1577 748 1780 812 portat,

363 819 527 887 Axis,
556 829 613 874 et
640 836 897 873 eversum
926 816 1069 872 fudit
1097 836 1264 890 super
1293 818 1526 890 agmina
1553 826 1826 888 montem,

363 897 524 957 Quid
553 906 808 971 superest
836 896 907 951 de
937 895 1311 969 corporibus'l
1354 895 1478 968 quis
1506 895 1780 966 membra,
1808 894 1934 968 quis
1970 914 2098 952 ossa

363 974 633 1030 Invenit'l
675 975 945 1031 obtritum
974 974 1125 1048 vulgi
1153 974 1300 1047 perit
1327 992 1498 1029 omne
1521 973 1762 1030 cadaver

364 1052 527 1109 More
552 1054 771 1109 animae.
855 1051 1075 1109 Domus
1104 1053 1321 1109 interea
1350 1071 1552 1107 secura
1579 1052 1814 1125 patellas

365 1131 400 1185 J
408 1151 501 1186 am
528 1132 695 1202 lavat,
724 1142 782 1187 et
809 1131 995 1185 bucca
1025 1129 1271 1185 foculum
1300 1130 1527 1199 excitat,
1557 1140 1614 1185 et
1641 1141 1804 1186 sonat
1830 1130 2020 1187 unctis

367 1210 690 1284 striglibus,
719 1219 776 1265 et
800 1209 971 1282 pleno
999 1208 1287 1281 componit
1317 1208 1493 1263 lintea
1519 1217 1697 1282 gutto.

366 1288 513 1344 Haec
534 1287 678 1344 inter
706 1305 910 1361 pueros
938 1283 1091 1341 varie
1119 1295 1522 1359 properantur:
1565 1295 1622 1341 at
1648 1285 1741 1342 ille

365 1366 402 1422 J
406 1384 496 1422 am
525 1366 684 1422 sedet
712 1365 772 1421 in
800 1364 943 1438 ripa,
972 1373 1290 1437 tetrumque
1321 1364 1577 1421 novicius
1605 1363 1794 1422 horret

366 1443 686 1515 Porthmea,
714 1461 826 1500 nec
853 1453 1041 1517 sperat
1068 1442 1283 1499 coenosi
1312 1442 1554 1518 gurgitis
1583 1442 1778 1499 alnum

364 1523 595 1593 Infelix,
623 1540 734 1578 nec
762 1522 951 1592 habet,
983 1539 1153 1594 quem
1181 1522 1450 1597 porrigat,
1477 1540 1575 1579 ore
1603 1521 1883 1579 trientem.

444 1600 697 1676 Respice
724 1618 882 1656 nunc
909 1599 1020 1656 alia
1047 1617 1115 1655 ac
1143 1599 1368 1656 diversa
1393 1600 1648 1676 pericula
1675 1600 1894 1657 noctis:

362 1678 540 1740 Qu'od
569 1679 813 1753 spatium
840 1679 1007 1735 tectis
1033 1678 1389 1750 sublimibus,
1421 1679 1575 1735 unde
1604 1678 1902 1736 cerebrum

365 1756 548 1813 Testa
574 1757 719 1827 ferit,
749 1757 969 1831 quoties
995 1755 1200 1813 rimosa
1228 1766 1286 1813 et
1314 1768 1476 1814 curta
1504 1757 1763 1814 fenestris

364 1835 520 1892 Vasa
543 1837 782 1904 cadant;
825 1845 1035 1909 quanto
1062 1854 1399 1909 percussum
1426 1837 1678 1910 pondere
1708 1834 1939 1911 signent

365 1913 442 1971 Et
467 1915 678 1972 laedant
704 1913 939 1972 silicem.
1024 1913 1213 1971 Possis
1243 1914 1482 1989 ignavus
1510 1914 1705 1970 haberi

365 1992 442 2049 Et
471 1993 642 2051 subiti
672 1992 839 2050 casus
866 1993 1228 2067 improvidus,
1254 1993 1327 2048 ad
1356 2011 1576 2048 coenam
1615 1992 1661 2046 si

365 2070 674 2130 Intestatus
701 2091 815 2130 eaS.
899 2067 1066 2129 Adeo
1096 2079 1177 2126 tot
1206 2070 1337 2140 fata,
1365 2079 1500 2143 quot
1527 2068 1622 2125 illa

366 2149 554 2208 Nocte
590 2161 785 2227 patent
812 2151 1027 2225 vigiles,
1056 2159 1111 2204 te
1139 2157 1535 2222 praetereunte,
1565 2146 1856 2202 fenestrae:

366 2227 523 2305 Ergo
551 2241 728 2306 optes,
761 2240 1059 2304 votumque
1089 2227 1234 2283 feras
1260 2227 1579 2283 miserabile
1609 2236 1821 2297 tecum,

367 2306 444 2365 Ut
470 2309 585 2366 sint
611 2317 892 2366 contentas
920 2309 1141 2384 patulas
1171 2304 1483 2362 defundere
1510 2306 1716 2381 pelves,
1866 2324 1952 2360 s

444 2386 654 2444 Ebrius
681 2406 750 2443 ac
769 2388 1052 2461 petulanS,
1081 2385 1177 2460 qui
1207 2386 1428 2441 nullum
1459 2382 1603 2441 forte
1634 2382 1865 2455 cecidit,

365 2464 481 2521 Dat
506 2484 722 2539 poenaS,
750 2476 977 2520 noctem
1004 2465 1211 2538 patitur
1240 2464 1488 2537 lugentis
1517 2464 1767 2519 amicum

365 2542 599 2614 Pelidae,
627 2541 800 2598 cubat
828 2541 887 2596 in
917 2541 1143 2610 faciem,
1171 2558 1303 2595 mox
1334 2541 1541 2595 deinde
1570 2541 1823 2614 supinus,

367 2611 525 2695 Ergo
554 2639 670 2677 non
699 2619 858 2675 aliter
885 2619 1089 2693 poterit
1118 2618 1398 2673 dormire?
1480 2617 1849 2677 Quibusdam

367 2699 647 2755 Somnum
676 2697 795 2753 rixa
833 2697 996 2753 facit:
1040 2696 1160 2765 sed,
1189 2694 1760 2769 quamvissimprobus
1789 2693 1973 2766 annis,

370 2777 559 2850 Atque
587 2794 744 2832 mero
773 2774 1013 2845 servem,
1038 2784 1199 2829 cavet
1229 2774 1602 2847 hunc‚‘quem
1636 2773 1877 2830 coccina
1913 2773 2062 2830 laena

366 2855 550 2912 Vitari
572 2854 753 2929 jubet,
782 2863 839 2909 et
867 2854 1139 2910 comitum
1166 2851 1531 2925 longissimus
1557 2852 1714 2922 ord0‚

366 2932 616 2990 Multum
643 2941 913 3008 praeterea
940 2930 1314 3001 flammarum,
1341 2941 1398 2987 et
1427 2934 1608 2987 aenea
1636 2930 1866 3005 lampas,

367 3012 488 3085 Me,
517 3030 685 3087 quem
707 3010 844 3066 luna
869 3010 1010 3067 solet
1038 3010 1323 3065 deducere
1374 3009 1458 3065 vel
1489 3010 1655 3066 breve
1682 3009 1880 3067 lumen

366 3091 662 3163 Candelae,
685 3089 847 3165 cujus
874 3090 1139 3164 dispenso
1167 3099 1225 3146 et
1251 3098 1506 3163 tempero
1527 3088 1705 3160 filum,

367 3170 714 3229 Contemnit.
797 3167 1025 3226 Miserae
1053 3186 1337 3243 cognosce
1364 3169 1636 3243 prooemia
1663 3167 1819 3241 rixae,

370 3248 435 3304 Si
462 3250 586 3306 rixa
605 3259 710 3319 est,
738 3248 836 3304 ubi
864 3260 926 3305 tu
953 3248 1162 3323 pulsaS,
1185 3266 1293 3322 ego
1321 3248 1525 3321 vapulo
1551 3245 1791 3304 tantum.

372 3327 498 3382 Stat
525 3323 745 3396 contra,
773 3327 1017 3401 starique
1040 3325 1232 3400 jubet3
1277 3343 1475 3397 parere
1503 3343 1740 3380 necesse
1768 3336 1869 3382 est.

369 3402 524 3460 Nam
552 3403 686 3476 quid
715 3421 868 3476 agaS,
897 3423 1070 3478 quum
1099 3413 1154 3459 te
1186 3403 1428 3458 furiosus
1456 3413 1639 3476 cogat,
1669 3412 1726 3457 et
1753 3402 1906 3458 idem

370 3481 637 3538 Fortior?
716 3479 884 3535 Unde
912 3483 1069 3538 venis
1092 3483 1115 3538 'l
1156 3481 1436 3537 exclamat
1459 3498 1471 3535 ε
1516 3480 1678 3554 cujus
1706 3492 1888 3552 acet0,

372 3558 552 3633 Cujus
579 3556 799 3615 conche
826 3562 1051 3616 tumes'l
1092 3560 1216 3633 quis
1244 3569 1434 3615 tecum
1465 3559 1659 3614 sectile
1685 3578 1914 3635 porrum

373 3638 564 3706 Sutor,
592 3648 649 3694 et
677 3634 809 3691 elixi
838 3638 1087 3692 vervecis
1115 3639 1270 3693 labra
1297 3638 1586 3694 comedit?

372 3714 431 3770 N
438 3715 474 3770 il
502 3715 642 3771 mihi
669 3712 1020 3785 respondes?
1063 3726 1160 3770 aut
1177 3716 1290 3784 dic,
1324 3727 1420 3771 aut
1448 3717 1643 3789 accipe
1675 3715 1909 3773 calcem.

372 3792 519 3861 Ede,
547 3792 645 3847 ubi
675 3788 986 3846 consistas:
1030 3791 1089 3846 in
1118 3791 1230 3862 qua
1258 3803 1314 3848 te
1342 3811 1534 3865 quaero
1559 3792 1916 3867 proseucha?

2216 423 2342 483 235

2216 817 2341 875 240

2215 1209 2338 1266 245

2218 2382 2339 2441 260

2220 2773 2342 2832 265

2226 3165 2350 3222 270

2230 3556 2356 3614 275
