2613 4161
281 263 363 322 28
911 259 975 308 D.
1007 257 1204 307 JUN11
1237 255 1631 304 JUVENALIS

284 402 545 463 Labente
571 400 779 476 officio,
807 399 1006 458 crudis
1034 401 1333 471 donanda3
1376 419 1487 459 nec
1516 398 1676 468 illud,

282 483 461 544 Quod
489 482 673 558 prima
699 501 801 557 pro
829 489 998 538 nocte
1026 482 1212 551 datur,
1241 500 1417 555 quum
1446 480 1613 536 lance
1643 473 1812 533 beata

286 561 564 632 DacicuS,
592 571 650 617 et
678 560 889 635 scripto
916 559 1102 615 radiat
1128 558 1512 615 Germanicus
1542 573 1696 611 auro.

287 643 351 696 Si
380 640 483 696 tibi
511 638 844 713 simplicitas
873 637 1089 706 uxoria,
1120 637 1348 693 deditus
1376 636 1478 692 uni

285 718 392 775 Est
420 718 678 783 animus;
722 715 990 772 submitte
1018 725 1191 788 caput
1218 715 1440 771 cervice
1469 711 1665 788 parata

287 796 462 853 Ferre
486 796 723 871 jugum:
767 793 983 851 nullam
1012 793 1291 863 invenies,
1322 811 1447 866 quae
1475 801 1671 867 parcat
1701 787 1932 845 amanti.

285 876 506 931 Ardeat
533 874 654 948 ipsa
681 869 837 939 licet,
869 870 1165 928 tormentis
1193 873 1406 946 gaudet
1437 868 1678 926 amantis

286 952 362 1009 Et
390 952 601 1026 spoliiS.
687 950 868 1025 Igitur
897 947 1067 1025 longe
1099 948 1292 1007 minus
1322 949 1477 1005 utilis
1504 948 1586 1004 illi

291 1030 460 1100 Uxor,
491 1029 745 1104 quisquis
772 1028 881 1084 erit
910 1029 1094 1085 bonus
1121 1030 1515 1104 optandusque
1543 1025 1795 1082 maritus.

287 1107 386 1164 Nil
419 1126 672 1181 unquam
700 1106 878 1163 invita
907 1107 1146 1163 donabis
1176 1107 1423 1180 conjuge
1449 1124 1461 1160 ε
1505 1105 1719 1160 vendes

286 1185 421 1242 Hac
446 1186 706 1242 obstante
733 1184 909 1240 nihil:
951 1184 1115 1255 nihil,
1140 1185 1263 1239 haec
1290 1184 1338 1239 si
1356 1183 1530 1253 nolet,
1558 1192 1795 1238 emetur.

286 1263 437 1320 Haec
465 1263 621 1319 dabit
650 1261 888 1317 affectus
914 1281 926 1317 ε
971 1262 1065 1317 ille
1093 1261 1430 1318 excludetur
1461 1259 1681 1316 amicus

264 1340 324 1397 ,J
330 1359 421 1396 am
449 1340 657 1411 senior,
685 1339 851 1413 cujus
880 1339 1114 1396 barbam
1142 1350 1241 1396 tua
1262 1339 1441 1414 janua
1467 1337 1621 1393 vidit.

287 1418 570 1476 Testandi
597 1435 774 1493 quum
803 1417 875 1473 sit
903 1417 1206 1475 lenonibus
1234 1429 1404 1491 atque
1430 1415 1654 1473 lanistis

286 1496 570 1568 Libertas,
598 1505 656 1553 et
678 1494 822 1570 juris
852 1495 1002 1552 idem
1031 1496 1328 1571 contingat
1356 1514 1543 1553 arenae
1567 1514 1582 1565 3

286 1573 425 1632 Non
451 1592 604 1631 unus
630 1573 736 1630 tibi
762 1573 951 1631 rivalis
979 1574 1289 1631 dictabitur
1318 1575 1518 1651 haeres.

286 1652 448 1711 Pone
475 1670 712 1709 crucem
740 1671 916 1710 servo.
999 1651 1216 1710 Meruit
1244 1672 1357 1727 quo
1384 1652 1627 1709 crimine
1655 1668 1850 1707 servus

288 1731 694 1806 Supplicium?
737 1730 865 1805 quis
890 1730 1051 1787 testis
1079 1732 1280 1788 adest‘l
1322 1731 1448 1806 quis
1477 1729 1721 1787 detulit?
1802 1725 1984 1798 Audi,

288 1807 469 1866 Nulla
496 1826 751 1884 unquam
779 1809 851 1866 de
879 1820 1059 1867 morte
1088 1810 1335 1867 hominis
1361 1809 1654 1865 cunctatio
1679 1807 1849 1882 longa
1874 1814 1977 1863 est.

287 1885 346 1943 Ο
374 1887 744 1960 demens,-ita
769 1906 965 1945 servus
994 1889 1162 1946 homo
1190 1890 1321 1945 est?
1363 1887 1443 1945 nil
1476 1888 1692 1958 fecerit,
1721 1895 1875 1943 esto:

289 1964 423 2022 Hoc
450 1966 597 2038 volo,
628 1966 714 2024 sic
735 1967 931 2043 jubeo,
960 1967 1034 2024 sit
1059 1987 1161 2043 pro
1188 1966 1409 2023 ratione
1439 1966 1713 2024 voluntas

368 2042 620 2121 Imperat
646 2042 786 2119 ergo
814 2045 965 2113 viro;
1009 2046 1109 2102 sed
1138 2064 1269 2102 mox
1298 2046 1421 2101 haec
1449 2063 1626 2119 regna
1654 2041 1940 2118 relinquit,

288 2121 697 2198 Permutatque
724 2124 940 2194 domoS,
963 2134 1021 2179 et
1049 2122 1312 2178 flammea
1339 2124 1583 2179 conterit
1609 2142 1621 2179 :
1664 2123 1799 2179 inde

289 2199 556 2273 Advolat,
585 2211 643 2258 et
668 2201 843 2275 spreti
870 2200 1073 2276 repetit
1099 2200 1338 2276 vestigia
1364 2199 1516 2257 lecti.

288 2278 542 2337 Ornatas
567 2276 743 2355 paulo
764 2278 909 2337 ante
941 2280 1108 2350 foreS,
1135 2279 1449 2354 pendentia
1475 2279 1679 2353 linquit

290 2356 442 2414 Vela
467 2356 691 2429 domus,
720 2366 779 2415 et
806 2359 998 2415 adhuc
1027 2358 1234 2415 virides
1262 2358 1323 2415 in
1351 2359 1548 2416 limine
1576 2377 1778 2415 ramos

291 2434 394 2492 Sic
421 2435 629 2493 crescit
655 2453 928 2493 numerus
951 2456 966 2505 ;
1010 2436 1095 2493 sic
1124 2436 1269 2493 fiunt
1295 2447 1427 2494 octo
1454 2436 1640 2493 mariti

287 2511 568 2588 Quinque
593 2531 695 2588 per
723 2522 1028 2570 autumnos
1053 2532 1065 2569 :
1108 2513 1273 2571 titulo
1299 2534 1391 2571 res
1417 2514 1593 2588 digna
1620 2513 1887 2589 sepulcri.

369 2588 745 2666 Desperanda
769 2590 873 2647 tibi
900 2590 1056 2647 salva
1083 2592 1393 2649 concordia
1419 2609 1605 2648 socru.

289 2666 399 2725 Illa
424 2669 596 2727 docet
620 2667 815 2745 spoliis
841 2668 982 2725 nudi
1009 2670 1261 2743 gaudere
1289 2669 1510 2737 mariti;

290 2745 402 2804 Illa
427 2746 616 2819 docet,
644 2745 832 2804 missis
860 2766 895 2803 a
920 2756 1247 2822 corruptore
1275 2747 1519 2818 tabellis,

289 2824 395 2883 Nil
421 2825 565 2883 rude
592 2841 706 2883 nec
731 2823 975 2901 simplex
999 2825 1346 2883 rescribere:
1391 2825 1607 2901 decipit
1635 2825 1734 2883 illa

290 2902 594 2975 CustodeS,
617 2913 716 2961 aut
742 2922 853 2960 aere
879 2904 1071 2960 domat
1095 2923 1108 2961 ε
1149 2914 1290 2961 tunc
1319 2923 1552 2979 corpore
1580 2924 1718 2962 sano

290 2983 554 3041 Advocat
582 2982 974 3057 Archigenen,
1000 3001 1354 3059 onerosaque
1381 2983 1555 3059 pallia
1576 2982 1775 3058 jactat.

289 3061 541 3118 Abditus
568 3061 785 3119 interea
814 3060 954 3119 latet
979 3072 1036 3119 et
1063 3072 1318 3119 secretus
1345 3061 1666 3120 adulter.—

292 3140 531 3197 Scilicet
557 3150 874 3216 exspectas,
902 3149 967 3197 ut
993 3141 1180 3198 tradat
1205 3153 1385 3199 mater
1415 3143 1681 3199 honestos

291 3216 486 3292 Atque
514 3217 655 3277 alios
682 3238 887 3291 morea,
916 3217 1088 3295 quam
1115 3239 1257 3295 quos
1286 3221 1498 3278 habet‘l
1539 3220 1679 3277 utile
1705 3214 1873 3294 porro

291 3292 555 3352 Filiolam
580 3298 733 3372 turpi
760 3298 962 3356 vetulae
982 3299 1294 3373 producere
1317 3310 1559 3373 turpem.

369 3372 550 3429 Nulla
576 3373 694 3430 fere
724 3394 901 3433 causa
927 3388 1031 3447 est,
1062 3376 1120 3432 in
1148 3378 1261 3450 qua
1290 3395 1406 3432 non
1438 3374 1669 3431 foemina
1695 3375 1853 3433 litem

294 3449 554 3508 Moverit.
638 3451 898 3512 Accusat
928 3453 1190 3526 Manilia,
1219 3454 1267 3510 si
1296 3472 1395 3510 rea
1423 3472 1537 3510 non
1566 3464 1668 3509 est.

292 3529 660 3604 Componunt
687 3528 822 3604 ipsae
850 3550 950 3607 per
978 3552 1058 3604 se,
1089 3533 1441 3606 formantque
1470 3531 1711 3603 libellos,

295 3605 649 3681 Principium
676 3618 843 3681 atque
870 3610 1026 3665 locos
1053 3611 1225 3668 Celso
1253 3611 1469 3667 dictare
1497 3622 1724 3686 paratae.

372 3683 754 3741 Endromidas
780 3686 1009 3758 Tyrias,
1037 3698 1094 3743 et
1126 3689 1457 3745 foemineum
1487 3707 1714 3746 ceroma

291 3761 449 3823 Quis
475 3760 698 3819 nescit?
740 3762 827 3820 vel
854 3761 981 3836 quis
1008 3781 1123 3820 non
1152 3765 1291 3821 vidit
1319 3767 1554 3822 vulnera
1579 3767 1735 3842 palii

2159 610 2308 685 160'

2159 1020 2274 1077 165

2159 1410 2275 1468 170

2158 1803 2273 1861 175

2154 2196 2272 2255 180

2157 2590 2273 2647 185

2158 2981 2273 3039 190

2157 3373 2272 3431 195
