2613 4161
1123 194 1375 243 SATIRA
1410 195 1501 245 vl.

310 333 513 394 Quem
542 344 708 392 cavat
736 334 980 392 assiduis
1009 336 1270 409 sudibuS,
1294 349 1570 412 scutoque
1596 338 1846 413 lacessit,

321 413 509 486 Atque
538 432 740 469 omnes
769 413 966 488 implet
995 434 1283 486 numeroS,
1315 416 1651 490 dignissima
1675 438 1907 494 prorsus

317 488 532 548 Florali
562 503 820 548 matrona
847 492 1019 561 tuba3
1064 493 1174 550 nisi
1205 493 1253 549 si
1281 494 1420 568 quid
1451 494 1511 551 in
1542 494 1640 552 illo

315 569 558 626 Pectore
582 569 709 644 plus
739 569 932 644 agitat,
962 589 1220 646 veraeque
1248 583 1481 647 paratur
1509 593 1717 630 arenae.

313 647 516 708 Quem
544 661 810 722 praestare
832 660 1015 724 potest
1045 649 1249 706 mulier
1277 649 1503 725 galeata
1528 653 1824 727 pudorem,

314 725 473 786 Quae
504 726 648 801 fugit
675 746 709 783 a
735 729 918 785 sexul
960 727 1106 784 vires
1134 739 1302 785 amat.
1387 729 1534 785 Haec
1561 741 1755 788 tamen
1784 730 1908 808 ipsa

322 805 424 862 Vir
454 805 628 862 nollet
655 805 804 861 fieri:
848 824 984 862 nam
1012 806 1289 881 quantula
1316 817 1510 865 nostra
1537 809 1837 883 voluptas?

315 882 513 944 Quale
542 884 721 940 decus
748 902 959 955 rerum,
988 884 1036 940 si
1065 884 1328 960 conjugis
1359 885 1548 942 auctio
1575 886 1712 944 fiat?

318 961 573 1034 Balteus,
603 971 662 1019 et
688 962 954 1035 manicae,
984 974 1042 1018 et
1069 962 1277 1034 cristae,
1305 963 1600 1038 crurisque
1628 963 1843 1023 sinistri

319 1039 641 1097 Dimidium
670 1041 922 1116 tegimen
946 1060 962 1109 ;
1006 1040 1113 1113 vel,
1144 1040 1194 1097 si
1222 1041 1449 1098 diversa
1475 1042 1725 1101 movebit

320 1118 551 1192 Proelia,
581 1129 644 1177 tu
674 1119 830 1190 felix,
857 1138 1057 1176 ocreas
1085 1119 1371 1177 vendente
1397 1119 1607 1195 puella.

324 1197 436 1253 Hae
466 1208 620 1270 sunt,
648 1217 773 1272 quae
803 1197 961 1255 tenui
991 1198 1200 1255 sudant
1227 1197 1286 1255 in
1316 1198 1573 1273 cyclade,
1601 1217 1843 1275 quarum

322 1276 582 1333 Delicias
608 1287 666 1333 et
694 1276 1035 1351 panniculus
1063 1277 1441 1351 bombycinus
1469 1277 1600 1335 urit.

320 1355 598 1429 Adspice,
628 1373 739 1431 quo
767 1355 990 1412 fremitu
1018 1367 1357 1413 monstratos
1383 1355 1628 1431 perferat
1655 1355 1825 1431 ictuS,

319 1433 396 1491 Et
421 1445 634 1508 quanto
658 1433 836 1510 galeae
865 1446 1129 1491 curvetur
1158 1435 1430 1509 pondere,
1460 1445 1674 1509 quanta

318 1512 638 1588 Poplitibus
665 1513 877 1582 sedeat,
905 1511 1076 1586 quam
1103 1513 1283 1570 denso
1312 1513 1490 1570 fascia
1516 1513 1680 1585 libr0,

320 1590 397 1648 Et
424 1591 566 1664 ride,
597 1590 893 1666 scaphium
920 1590 1118 1667 positis
1146 1609 1322 1666 quum
1351 1591 1594 1649 sumitur
1623 1590 1812 1650 armis.

319 1670 514 1727 Dicite
543 1689 661 1740 VOS,
690 1680 890 1745 neptes
919 1668 1144 1745 Lepidi,
1175 1670 1387 1727 caecive
1417 1669 1663 1743 Metelli,
1977 1736 1980 1739 ,

319 1748 580 1824 Gurgitis
610 1759 706 1805 aut
735 1747 924 1820 Fabii,
952 1766 1078 1822 quae
1108 1746 1265 1804 ludia
1292 1748 1598 1822 sumpserit
1625 1766 1881 1824 unquam

320 1827 447 1884 Hos
476 1827 749 1885 habitus?
791 1827 1019 1901 quando
1050 1826 1123 1881 ad
1151 1825 1346 1901 palum
1375 1837 1569 1901 gemat
1595 1845 1736 1883 uxor
1777 1824 1987 1904 Asyli!

402 1908 640 1982 Semper
667 1905 842 1962 habet
869 1904 999 1961 lites
1027 1903 1359 1978 alternaque
1382 1904 1574 1980 jurgia
1599 1904 1804 1977 lectuS,

321 1984 392 2042 In
421 2004 533 2060 quo
554 1995 732 2060 nupta
753 1983 908 2058 jacet
932 2000 945 2039 :
988 1979 1291 2040 minimum
1322 1982 1597 2040 dormitur
1628 1982 1688 2040 in
1717 1982 1829 2042 illo.

321 2063 498 2121 Tunc
526 2063 714 2139 gravis
742 2062 840 2120 illa
868 2061 1005 2134 vir0,
1035 2073 1176 2120 tunc
1202 2061 1343 2120 orba
1370 2061 1578 2139 tigride
1606 2062 1781 2139 pejor.

319 2142 525 2203 Quum
553 2142 782 2199 simulat
808 2141 1055 2217 gemitus
1082 2140 1299 2198 occulti
1327 2143 1562 2200 conscia
1587 2141 1750 2214 sacti,

320 2222 445 2278 Aut
470 2222 591 2279 odit
617 2240 842 2297 puerOS,
874 2231 971 2278 aut
998 2220 1133 2277 ficta
1158 2219 1366 2296 pellice
1393 2219 1594 2295 plorat,

319 2299 608 2357 Uberibus
635 2318 855 2374 semper
882 2297 1170 2372 lacrymis,
1200 2316 1533 2373 semperque
1561 2297 1772 2372 paratis

321 2378 393 2435 In
425 2379 668 2437 statione
698 2379 824 2449 sua,
854 2388 1024 2451 atque
1053 2375 1519 2451 exspectantibus
1546 2376 1725 2448 illam,

321 2457 464 2518 Quo
486 2457 686 2532 jubeat
714 2475 946 2514 manare
976 2454 1179 2512 modo:
1221 2466 1284 2513 tu
1313 2454 1501 2512 credis
1530 2472 1802 2528 amorem,

321 2534 422 2591 Tu
452 2536 555 2593 tibi
577 2546 716 2594 tunc
746 2553 988 2591 curruca
1013 2533 1227 2609 places,
1257 2533 1565 2608 fletumque
1593 2533 1813 2591 labellis

321 2612 627 2686 Exsorbes,
656 2632 782 2690 quae
811 2613 1020 2688 scripta
1046 2623 1104 2669 et
1129 2623 1265 2687 quot
1292 2613 1511 2669 lecture
1541 2612 1800 2685 tabellae,

323 2692 387 2750 Si
416 2692 520 2750 tibi
550 2693 825 2768 zelotypae
855 2702 1180 2766 retegantur
1208 2690 1421 2747 scrinia
1446 2691 1721 2748 moechae!

324 2773 440 2828 Sed
457 2772 611 2846 jacet
638 2771 697 2828 in
727 2770 870 2827 servi
898 2770 1311 2845 complexibus,
1341 2780 1440 2827 aut
1465 2769 1688 2844 equitis.
1771 2767 1907 2843 Die,

323 2850 437 2907 Dic
466 2850 735 2924 aliquem,
764 2850 950 2920 sodeS,
981 2848 1096 2917 hic,
1123 2847 1510 2919 Quintiliane,
1540 2846 1789 2905 colorem
1814 2866 1828 2905 :
1881 2865 1886 2870 ·

324 2929 665 2985 Haeremus:
709 2928 803 2984 dic
835 2928 971 3002 ipsa.
1054 2926 1213 2984 Olim
1242 2937 1608 2999 convenerat,
1638 2925 1844 3001 inquit,

324 3007 401 3064 Ut
430 3007 649 3064 faceres
677 3017 759 3076 tu,
788 3006 939 3080 quod
967 3005 1159 3076 velles,
1188 3025 1299 3063 nec
1328 3025 1448 3062 non
1475 3024 1585 3080 ego
1612 3023 1840 3079 possem

324 3085 638 3160 Indulgere
665 3084 809 3140 mihi
835 3102 848 3139 z
890 3083 1106 3139 clames
1134 3081 1292 3152 licet,
1321 3095 1378 3140 et
1406 3102 1561 3140 mare
1589 3082 1735 3141 coelo

323 3164 683 3235 ConfundaS,
713 3163 883 3220 homo
910 3180 1053 3217 sum.
1137 3159 1301 3217 Nihil
1331 3172 1417 3218 est
1443 3161 1718 3222 audacius
1739 3158 1854 3217 illis
1905 3230 1912 3240 ,

323 3240 676 3316 Deprensis:
721 3241 862 3298 iram
891 3252 1059 3314 atque
1089 3239 1309 3297 animos
1338 3260 1372 3296 a
1398 3238 1639 3296 crimine
1668 3245 1919 3296 sumunt.

324 3320 493 3377 Unde
522 3321 646 3376 haec
675 3330 926 3377 monstra
953 3330 1165 3390 tamen,
1196 3319 1281 3374 vel
1311 3337 1423 3395 quo
1451 3318 1524 3374 de
1546 3317 1722 3389 fonte,
1750 3312 2031 3391 requiris?

323 3398 641 3456 Praestabat
666 3410 855 3457 castas
883 3398 1113 3455 humilis
1143 3398 1369 3455 fortuna
1395 3395 1632 3453 Latinas

321 3477 661 3549 Quondam,
692 3496 808 3533 noc
836 3476 986 3534 vitiis
1013 3476 1268 3550 contingi
1297 3493 1474 3550 parva
1500 3473 1766 3528 smebant

323 3556 514 3613 Tecta
534 3555 712 3627 labor,
742 3554 1037 3628 somnique
1067 3555 1284 3624 breveS,
1313 3563 1372 3608 et
1398 3550 1603 3607 vellere
1632 3548 1836 3623 Tusco

324 3635 562 3691 Vexatae
590 3635 858 3709 duraeque
886 3652 1109 3702 manuS,
1139 3651 1207 3688 ac
1234 3629 1528 3707 proximus
1554 3625 1696 3685 Urbi

326 3711 644 3785 Hannibal,
673 3721 732 3770 et
758 3721 973 3845 stffltes
1002 3709 1233 3769 Collina
1260 3719 1414 3766 turre
1442 3704 1646 3764 mariti.

2183 1043 2306 1109 210

2184 1436 2309 1503 215
