2613 4161
352 238 430 275 exv
977 235 1041 282 n.
1074 235 1268 282 JUNH
1302 220 1695 281 JUVENALIS

352 269 431 295 0)ae

354 376 488 434 Non
518 377 724 433 habeat
749 387 1025 447 matrona,
1054 376 1156 432 tibi
1183 394 1310 449 quae
1333 375 1534 450 juncta
1560 374 1863 445 recumbit,

352 454 602 512 Dicendi
631 473 833 530 geum,
865 466 964 511 aut
993 466 1218 511 curtum
1248 472 1507 510 sermone
1535 463 1716 510 rotato

353 533 645 607 Torqueat
672 534 1053 609 enthymema,
1083 551 1190 588 nec
1222 532 1480 588 historias
1508 531 1652 587 sciat
1677 548 1911 600 omnes;

355 612 470 668 Sed
498 612 760 686 quaedam
787 632 858 668 ex
884 611 1042 667 libris
1069 620 1126 667 et
1154 628 1268 665 non
1298 609 1594 683 intelligat.
1676 609 1795 665 Odi

354 690 526 747 Hanc
553 709 681 764 ego,
708 709 835 765 quae
865 688 1066 764 repetit
1093 686 1374 761 volvitque
1404 686 1743 745 Palaemonis
1770 699 1970 760 artem,

355 768 589 825 Servata
618 787 837 843 semper
867 768 992 841 lege
1021 777 1079 822 et
1106 765 1322 822 ratione
1343 765 1633 840 loquendi,

354 846 697 921 Ignotusque
725 847 864 902 mihi
891 855 1047 903 tenet
1075 844 1393 918 antiquaria
1421 863 1634 916 versus,

353 924 484 980 Nec
512 926 765 982 curanda
791 925 924 982 viris
952 924 1131 1000 opicae
1160 923 1401 998 castigat
1431 923 1629 979 amicae

352 1003 559 1060 Verba.
645 1004 1044 1060 Soloecismum
1074 1002 1239 1059 liceat
1263 1000 1465 1058 fecisse
1487 1001 1703 1059 marito,

432 1080 529 1137 Nil
560 1102 674 1140 non
704 1083 975 1157 permittit
1000 1081 1202 1137 mulier
1231 1079 1359 1151 sibi,
1389 1091 1551 1155 turpe
1573 1090 1733 1155 putat
1758 1079 1861 1152 nil,

352 1157 557 1218 Quum
586 1160 794 1216 virides
821 1178 1076 1235 gemmas
1103 1158 1249 1216 collo
1285 1159 1682 1230 circumdedit,
1710 1167 1768 1216 et
1793 1176 1970 1234 quum

354 1238 609 1293 Auribus
637 1238 880 1295 extentis
906 1256 1143 1312 magnos
1171 1238 1455 1294 commisit
1482 1237 1768 1295 elenchos.

353 1315 771 1372 Intolerabilius
798 1316 939 1372 nihil
967 1326 1071 1387 est,
1100 1313 1270 1390 quam
1301 1315 1533 1373 foemina
1559 1317 1731 1373 dives.

433 1392 662 1451 Interea
690 1395 839 1451 soeda
866 1406 1099 1469 aspectu
1127 1395 1476 1468 ridendaque
1514 1394 1693 1452 multo

353 1471 510 1528 Pane
538 1482 719 1529 tumet
747 1473 939 1544 facies»,
969 1484 1066 1529 aut
1092 1472 1329 1548 pinguia
1357 1472 1680 1548 Poppaeana

356 1550 564 1624 Spirat,
593 1562 651 1608 et
677 1551 816 1607 hinc
842 1551 1033 1607 miseri
1062 1552 1349 1608 viscantur
1379 1551 1536 1609 labra
1562 1550 1766 1608 mariti.

354 1629 452 1685 Ad
479 1630 770 1686 moechum
797 1630 985 1687 veniet
1011 1630 1124 1687 lota
1153 1640 1300 1686 cute.
1383 1628 1639 1690 Quando
1666 1629 1845 1687 videri

354 1706 494 1764 Vult
516 1707 757 1765 formosa
784 1709 976 1765 domi'l
1018 1708 1255 1764 moechis
1284 1708 1474 1766 foliata
1500 1720 1785 1783 parantur.
1876 1777 1884 1783 ³

354 1784 467 1841 His
492 1787 717 1859 emitur,
744 1787 1016 1862 quidquid
1044 1787 1283 1862 graciles
1312 1789 1426 1844 huc
1453 1788 1672 1844 mittitis
1700 1785 1849 1844 Indi.

355 1864 622 1923 Tandem
650 1867 829 1942 aperit
854 1868 1090 1937 vultum,
1119 1878 1177 1922 et
1205 1868 1442 1924 tectoria
1461 1866 1643 1942 prima
1669 1865 1927 1942 reponit:

355 1942 569 2018 Incipit
596 1945 850 2019 agnosci,
880 1957 1047 2021 atque
1078 1945 1172 2001 illo
1193 1945 1343 2002 lacte
1374 1946 1611 2015 fovetur,

355 2020 589 2097 Propter
616 2024 765 2099 quod
794 2043 991 2080 secum
1018 2023 1258 2079 comites
1280 2023 1476 2079 educit
1504 2024 1727 2095 asellaS,

355 2099 532 2156 Exsul
563 2101 996 2177 Hyperboreum
1028 2101 1074 2157 si
1104 2101 1417 2158 dimittatur
1446 2103 1516 2158 ad
1547 2121 1729 2162 axem.

357 2178 473 2233 Sed
500 2197 626 2253 quae
653 2180 883 2237 mutatis
910 2178 1199 2235 inducitur
1248 2190 1415 2253 atque
1446 2179 1661 2236 fovetur

355 2255 473 2313 Tot
500 2257 995 2329 medicaminibuS,
1025 2268 1317 2331 coctaeque
1345 2258 1585 2333 siliginis
1611 2257 1752 2315 offas

354 2335 587 2411 Accipit
614 2346 673 2393 et
697 2338 962 2408 madidze,
993 2338 1165 2394 facies
1194 2338 1436 2408 dicetur,
1465 2356 1538 2393 an
1567 2338 1770 2393 ulcus'l

433 2413 537 2469 Est
563 2415 805 2489 pretium
836 2434 1009 2486 curae,
1036 2413 1264 2490 penitus
1292 2435 1658 2490 cognoscere,
1687 2426 1804 2473 toto

351 2489 519 2549 Quid
547 2492 757 2549 saciant
783 2494 1107 2568 agitentque
1136 2494 1245 2550 die.
1332 2496 1394 2551 Si
1418 2505 1585 2551 nocte
1612 2495 1848 2551 maritus

354 2568 608 2625 Aversus
629 2569 840 2644 jacuit3
882 2571 1050 2644 periit
1077 2571 1324 2642 libraria,
1352 2583 1574 2645 ponunt

354 2646 636 2703 Cosmetae
665 2649 908 2718 tunicae,
938 2646 1098 2704 tarde
1129 2648 1349 2706 venisse
1377 2649 1669 2706 Liburnus

353 2724 600 2797 Dicitur,
629 2737 686 2783 et
711 2745 909 2801 poenas
937 2727 1106 2783 alieni
1134 2729 1383 2801 pendere
1411 2729 1595 2785 somni
1629 2753 1630 2756 ¹

353 2803 624 2878 Cogitur:
668 2805 762 2862 hic
791 2805 995 2880 frangit
1023 2805 1248 2878 ferulaS,
1278 2807 1444 2863 rubet
1471 2807 1564 2864 ille
1593 2806 1849 2883 flagellis,

354 2881 471 2939 Hic
499 2884 718 2940 scutica
741 2902 754 2938 ι
796 2894 948 2953 sunt,
976 2902 1102 2957 quae
1130 2884 1434 2942 tortoribus
1462 2904 1655 2942 annua
1680 2897 1967 2960 praestent.

352 2961 648 3033 Verberat,
677 2973 854 3037 atque·
869 2962 1049 3019 obiter
1078 2963 1279 3020 faciem
1310 2962 1467 3032 linit3
1511 2965 1671 3021 audit
1699 2964 1930 3037 amicas,

352 3041 475 3097 Aut
500 3040 680 3099 latum
706 3041 873 3115 pictae
900 3040 1071 3098 vestis
1096 3042 1418 3099 considerat
1445 3061 1668 3114 aurum,

352 3118 429 3175 Et
456 3121 662 3190 caedit3
703 3120 858 3196 longi
886 3120 1088 3196 relegit
1113 3132 1430 3178 transversa
1459 3121 1668 3192 diurni,

352 3197 429 3254 Et
458 3199 647 3270 caedit,
677 3199 861 3257 donec
887 3198 1050 3256 lassis
1077 3200 1451 3271 caedentibuS,
1479 3199 1624 3256 ΕΧΙ

353 3274 586 3332 Intonet
612 3278 976 3349 horrendum,
998 3277 1116 3352 jam
1146 3277 1475 3352 cognitione
1502 3277 1750 3352 peracta.

431 3352 776 3412 Praefectura
804 3356 1007 3414 domus
1037 3355 1233 3411 Sicula
1263 3373 1380 3411 non
1407 3355 1594 3411 mitior
1622 3355 1771 3412 aula.

353 3428 509 3487 Nam
532 3431 577 3487 si
607 3434 899 3491 constituit
949 3434 1221 3505 solitoque
1250 3430 1549 3490 decentius
1577 3443 1733 3507 optat

352 3508 581 3578 Ornari,
611 3519 669 3565 et
694 3521 972 3584 properat,
994 3511 1222 3586 jamque
1250 3521 1610 3583 exspectatur
1630 3510 1690 3568 in
1720 3512 1914 3585 hortis,

353 3587 477 3643 Aut
503 3587 651 3661 apud
680 3585 880 3644 Isiacae
903 3588 1089 3663 potius
1117 3590 1363 3646 sacraria
1383 3589 1559 3658 lenae3

354 3664 621 3739 Disponit
646 3665 863 3721 crinem
893 3667 1154 3723 laceratis
1183 3667 1304 3742 ipsa
1331 3667 1552 3743 capillis

355 3741 528 3799 Nuda
558 3742 793 3798 humero
819 3742 1028 3799 Psecas
1056 3744 1274 3813 infelix,
1303 3745 1585 3819 nudisque
1607 3746 1888 3803 mamillis,

2207 923 2331 981 340

2207 3277 2331 3336 370

2207 3668 2335 3727 375
