2613 4161
1105 219 1356 267 SATIRA
1390 219 1481 267 Vl.
1521 274 1524 277 ,

296 356 482 415 Altior
510 358 606 416 hic
639 376 813 433 quare
841 359 1191 416 cincinnus?
1232 359 1467 417 Taurea
1492 371 1659 435 punit

293 435 588 495 Continuo
618 436 750 493 flexi
778 437 996 494 crimen
1028 439 1362 512 facinusque
1392 439 1597 513 capilli.

290 514 456 574 Quid
488 515 697 571 Psecas
727 517 999 578 admisit?
1041 520 1304 590 quaenam
1332 527 1419 572 est
1447 516 1545 572 hic
1573 518 1744 592 culpa
1769 518 1996 593 puellae‚

292 593 357 649 Si
386 594 490 649 tibi
519 594 808 668 displicuit
833 612 1008 650 nasus
1035 596 1213 651 tuus?
1297 595 1500 651 Altera
1527 594 1735 652 laevum

290 670 588 743 Extendit‚
618 672 904 747 pectitque
933 691 1147 742 comaS,
1176 683 1235 729 et
1261 673 1431 729 volvit
1453 672 1512 729 in
1541 675 1756 731 orbem.

292 749 395 807 Est
424 751 482 806 in
514 751 755 807 consilio
782 761 1039 807 matrona
1066 751 1406 824 admotaque
1434 751 1580 807 lanis

292 826 547 885 Emerita
575 847 702 904 quae
734 839 920 885 cessat
948 847 1092 885 acu:
1135 828 1420 884 sententia
1445 829 1631 903 prima

290 906 483 981 Hujus
510 908 616 963 erit
639 926 654 974 ;
698 917 825 981 post
852 907 1003 962 hanc
1033 915 1199 963 aetate
1227 916 1396 981 atque
1424 917 1543 963 arte
1571 907 1824 965 minores

290 985 646 1051 Censebam,
675 995 948 1060 tanquam
979 984 1141 1041 famae
1170 983 1479 1041 discrimen
1507 995 1707 1060 agatur

290 1065 412 1119 Aut
442 1064 647 1121 animae
672 1081 685 1119 ε
728 1073 889 1120 tanta
915 1073 1004 1120 est
1029 1062 1321 1137 quaerendi
1350 1080 1491 1119 cura
1519 1063 1758 1131 decoris,

288 1140 405 1197 Tot
431 1142 637 1216 premit
663 1141 979 1214 ordinibuS,
1007 1152 1089 1198 tot
1114 1142 1306 1198 adhuc
1334 1141 1708 1217 compagibus
1736 1142 1915 1200 altum

288 1219 563 1276 AEdificat
593 1230 782 1294 caput.
864 1220 1316 1277 Andromachen
1345 1238 1380 1275 a
1408 1219 1591 1276 fronte
1618 1219 1872 1278 videbis:

285 1295 427 1354 Post
454 1297 641 1355 minor
670 1309 794 1354 est:
836 1299 1036 1354 credas
1063 1297 1248 1355 aliam.
1331 1297 1513 1369 Cedo,
1542 1298 1591 1354 si
1618 1299 1786 1357 breve
1806 1299 1966 1377 parvi

287 1375 502 1432 Sortita
531 1386 618 1433 est
643 1374 835 1433 lateris
856 1376 1120 1451 spatium,
1149 1375 1478 1450 breviorque
1506 1376 1728 1435 videtur

284 1454 528 1529 Virgine
557 1454 845 1529 Pygmaea,
874 1455 1045 1512 nullis
1074 1454 1265 1529 adjuta
1291 1454 1607 1526 cothurnis,

285 1531 361 1589 Et
388 1533 529 1589 levis
555 1533 749 1589 erecta
777 1533 1070 1609 consurgit
1098 1533 1168 1590 ad
1190 1532 1391 1589 oscula
1416 1532 1658 1608 planta?

364 1611 544 1668 Nulla
568 1611 672 1667 viri
701 1629 841 1668 cura
866 1610 1105 1682 interea,
1134 1629 1244 1668 nec
1270 1611 1487 1669 mentio
1506 1611 1606 1669 fiet

284 1688 641 1746 Damnorum
667 1707 681 1745 ε
724 1689 861 1746 vivit
886 1701 1156 1763 tanquam
1180 1689 1369 1747 vicina
1395 1690 1615 1747 marito.

284 1767 418 1824 Hoc
445 1768 564 1825 solo
589 1768 836 1843 propior,
863 1765 1019 1842 quod
1051 1766 1264 1823 amicos
1291 1766 1553 1841 conjugis
1579 1767 1700 1824 odit

282 1845 359 1903 Et
387 1865 594 1918 servoS,
622 1845 810 1921 gravis
837 1856 924 1902 est
949 1844 1281 1902 rationibus.
1359 1843 1521 1900 Ecce
1549 1844 1790 1903 furentis

283 1925 539 1982 Bellonae
567 1924 875 1999 matrisque
906 1923 1080 1981 desim
1108 1924 1317 1980 chorus
1344 1922 1535 1996 intrat,
1562 1933 1622 1981 et
1647 1923 1856 2000 ingens

285 2004 550 2076 Semivir,
551 2035 630 2046 —

440 2083 618 2139 —cui
644 2100 821 2139 rauca
847 2083 1070 2153 cohorS,
1099 2080 1194 2138 cui
1223 2091 1493 2157 tympana
1518 2084 1735 2141 cedunt

281 2161 537 2232 Plebeia,
565 2172 622 2218 et
651 2160 899 2236 Phrygia
929 2161 1163 2218 vestitur
1194 2161 1377 2217 bucca
1404 2161 1566 2217 tiara.

280 2240 518 2297 Grande
546 2250 727 2310 sonat,
756 2239 1045 2313 metuique
1068 2238 1231 2313 jubet
1255 2238 1610 2313 Septembris
1636 2249 1694 2295 et
1722 2199 1922 2297 Austri

281 2319 633 2390 Adventum,
661 2317 772 2374 nisi
800 2337 861 2374 se
890 2327 1125 2374 centum
1149 2316 1468 2374 lustraverit
1492 2317 1631 2390 oviS,
1697 2347 1700 2348 ⁷

279 2396 358 2453 Et
382 2396 796 2471 xerampelinas
818 2406 1033 2452 veteres
1062 2394 1397 2452 donaverit
1382 2394 1510 2469 ipsi,

281 2474 378 2546 Ut,
407 2474 681 2549 quidquid
710 2473 882 2531 subiti
909 2484 968 2531 et
994 2474 1187 2548 magn-i
1215 2471 1565 2530 discriminis
1592 2472 1784 2547 instat,

280 2552 356 2610 In
383 2553 611 2610 tunicas
637 2563 748 2624 eat,
777 2562 834 2608 et
861 2562 1042 2610 totum
1070 2552 1246 2609 semel
1273 2550 1463 2626 expiet
1484 2570 1717 2610 annum.

280 2631 609 2689 Hibernurn
632 2626 815 2688 fracta
842 2629 1028 2705 glacie
1053 2630 1368 2688 descendet
1393 2629 1453 2686 in
1483 2649 1732 2705 amnem,

280 2709 403 2767 Ter
433 2709 713 2766 matutino
739 2708 941 2766 Tiberi
969 2720 1277 2784 mergetur,
1305 2719 1365 2766 et
1393 2708 1531 2783 ipsis

280 2788 611 2845 Vorticibus
638 2788 901 2844 timidum
928 2798 1101 2863 caput
1127 2787 1360 2845 abluet:
1404 2787 1538 2844 inde
1556 2787 1805 2863 Superbi

279 2865 500 2923 Totum
531 2866 679 2941 regis
707 2884 906 2941 agrum
932 2867 1089 2923 nuda
1116 2885 1185 2923 ac
1211 2866 1590 2924 tremebunda
1616 2867 1872 2950 cruentis

280 2944 496 3020 Erepet
523 2944 787 3019 genibus,
871 2944 936 3001 Si
962 2945 1214 3002 candida
1235 2943 1471 3020 jusserit
1496 2943 1584 3019 10,

280 3022 398 3079 Ibit
422 3024 494 3079 ad
524 3023 759 3097 AEgypti
789 3022 980 3096 finem,
1010 3023 1313 3097 calidaque
1340 3023 1547 3097 petitas

279 3102 336 3158 A
372 3100 569 3158 Meroe
596 3100 839 3176 portabit
866 3119 1058 3175 aquas,
1087 3111 1151 3157 ut
1176 3109 1406 3175 spargat
1429 3101 1487 3157 in
1520 3102 1703 3159 aedem

278 3179 470 3251 Isidis,
500 3180 733 3254 antiquo
757 3197 884 3254 quae
910 3178 1164 3253 proxima
1191 3179 1371 3254 surgit
1394 3177 1547 3237 ovili.

279 3258 482 3314 Credit
510 3258 666 3314 enim
691 3257 866 3332 ipsius
893 3257 1139 3316 dominae
1168 3275 1229 3314 se
1255 3275 1396 3314 voce
1424 3256 1660 3315 moneri.

281 3336 374 3393 En
405 3337 655 3393 animam
683 3345 742 3392 et
762 3346 1033 3407 mentem,
1062 3354 1196 3393 cum
1222 3354 1336 3410 qua
1358 3334 1420 3393 di
1449 3347 1619 3393 nocte
1645 3332 1983 3409 loquantur!

279 3413 436 3490 Ergo
465 3414 561 3470 hic
582 3414 935 3489 praecipuum
963 3433 1362 3489 summumque
1390 3425 1639 3470 meretur
1667 3413 1963 3485 honorem,

275 3492 401 3553 Qui
430 3510 605 3568 grege
633 3491 875 3567 linigero
904 3492 1314 3563 circumdatus,
1337 3502 1395 3547 et
1420 3508 1596 3564 grege
1623 3489 1784 3547 calvo

277 3571 613 3647 Plangentis
633 3569 828 3659 populi
855 3571 1033 3627 currit
1059 3571 1276 3627 derisor
1297 3537 1548 3624 Anubis,

277 3650 382 3706 Ille
410 3651 553 3726 petit
582 3649 825 3720 veniam,
853 3648 1074 3723 quoties
1101 3666 1215 3703 non
1246 3644 1491 3702 abstinet
1518 3664 1660 3704 uxor

277 3728 610 3787 Concubitu
640 3727 818 3785 sacris
844 3725 1327 3799 observandisque
1355 3722 1595 3781 diebus·
1581 3766 1596 3793 ,

2141 2163 2260 2221 400

2137 2943 2258 3001 410

2136 3333 2257 3393 415
