2613 4161
326 231 406 287 66
951 232 1000 277 D
1050 231 1244 279 JUNII
1278 232 1674 280 JUVENALIS

328 368 442 425 Sed
472 371 666 445 procul
695 382 995 427 extensum
1023 373 1285 446 petulans
1313 373 1493 447 quatit
1520 373 1706 431 hostia
1733 373 1951 449 sunem,

327 446 580 523 Tarpeio
608 460 828 506 servata
855 450 1003 522 Jovi,
1035 451 1385 524 frontemque
1409 464 1673 509 coruscat
1698 473 1711 510 ε

325 525 559 601 Quippe
590 527 747 584 ferox
774 528 1004 599 vituluS,
1034 529 1259 603 templis
1286 541 1544 586 maturus
1572 541 1630 587 et
1658 549 1788 602 arae,

328 604 806 679 Spargendusque
836 625 1010 676 mero,
1040 625 1208 681 quem
1231 607 1352 681 jam
1381 609 1560 682 pudet
1588 609 1765 666 ubera
1792 611 1990 668 matris

326 681 575 753 Ducere,
603 683 699 757 qui
728 695 890 741 vexat
914 684 1173 741 nascenti
1201 686 1401 742 robora
1428 705 1624 743 cornu.

328 760 389 816 Si
414 779 503 815 res
531 761 717 836 ampla
745 763 917 833 domi,
947 762 1257 837 similisque
1286 763 1584 821 affectibus
1611 776 1781 839 esset,

327 837 601 912 Pinguior
635 839 895 914 Hispulla
925 843 1237 898 traheretur
1267 852 1480 914 tauruS,
1510 855 1566 900 et
1594 844 1718 919 ipsa.

331 914 484 972 Mole
513 918 693 992 piger,
724 937 834 975 nec
863 918 1103 976 finitima
1134 919 1379 976 nutritus
1407 922 1467 978 in
1498 922 1693 994 herba,

226 998 237 1003 ’
332 994 486 1050 Laeta
514 996 614 1051 sed
642 997 950 1054 ostendens
979 998 1256 1054 Clitumni
1283 1018 1500 1072 pascua
1526 1001 1761 1076 sanguis

334 1071 467 1142 Iret,
490 1085 546 1129 et
572 1093 605 1130 a
631 1075 833 1149 grandi
864 1077 1053 1133 cervix
1082 1076 1338 1132 ferienda
1365 1077 1641 1149 ministrO,
1872 1152 1883 1163 ⁶

330 1150 422 1206 Ob
450 1152 693 1208 reditum
721 1164 804 1208 tre
847 1154 1053 1210 idantis
1081 1155 1288 1225 adhuc,
1319 1156 1709 1231 horrendaque
1737 1177 1888 1233 passa

328 1227 548 1303 Nuper,
577 1240 635 1285 et
661 1229 792 1287 inco
819 1248 1005 1287 umem
1030 1251 1154 1288 sese
1184 1233 1443 1290 mirantis
1472 1236 1659 1291 amici.

328 1305 482 1361 Nam
510 1319 712 1380 praeter
733 1309 919 1383 pelagi
949 1329 1136 1382 casus,
1165 1325 1223 1366 et
1252 1311 1489 1386 fulguris
1520 1312 1696 1371 ictum

331 1383 521 1455 Evasi,
551 1385 742 1441 densae
771 1387 979 1443 coelum
1009 1387 1363 1446 abscondere
1392 1392 1641 1449 tenebrae

328 1459 502 1518 Nube
531 1463 667 1534 una,
696 1464 1025 1540 subitusque
1055 1480 1333 1524 antennas
1361 1468 1583 1544 impulit
1605 1471 1753 1544 ignis

328 1538 528 1599 Quum
560 1561 620 1598 se
648 1542 884 1617 quisque
914 1543 1011 1601 illo
1039 1565 1369 1619 percussum
1399 1549 1675 1620 crederet,
1705 1561 1762 1607 et
1788 1569 1920 1607 mox

329 1618 624 1676 Attonitus
652 1621 870 1677 nullum
901 1624 1142 1680 conferri
1171 1644 1337 1699 posse
1365 1637 1587 1699 putaret

329 1697 710 1773 Naufragium
739 1699 879 1756 velis
909 1700 1254 1759 ardentibus,
1340 1702 1553 1761 Omnia
1580 1706 1724 1763 fiunt

328 1774 520 1848 Talia,
548 1788 662 1833 tam
691 1778 952 1852 graviter,
983 1779 1029 1834 si
1057 1783 1284 1854 quando
1312 1782 1539 1856 poetica
1568 1785 1748 1858 surgit

329 1852 684 1931 Tempestas
767 1858 966 1914 Genus
995 1878 1132 1916 ecce
1164 1860 1318 1917 aliud
1348 1861 1726 1919 discriminis:
1772 1863 1904 1921 audi

329 1932 404 1989 Et
431 1935 696 1991 miserere
724 1934 949 2009 iterum,
980 1957 1301 2011 quanquam
1331 1939 1444 1995 sint
1471 1952 1676 1998 caetera
1705 1942 1867 1998 sortis

328 2010 635 2086 Ejusdem:
677 2032 808 2089 pars
835 2014 956 2071 dira
982 2016 1232 2089 quidem,
1262 2020 1361 2074 sed
1393 2020 1623 2094 cognita
1650 2021 1859 2093 multiS,

328 2089 404 2147 Et
430 2109 599 2163 quam
629 2093 810 2149 votiva
839 2103 1112 2150 testantur
1143 2096 1271 2152 fana
1300 2098 1510 2154 tabella

327 2167 599 2225 Plurima.
684 2169 937 2228 Pictores
969 2173 1093 2245 quis
1122 2176 1303 2231 nescit
1334 2177 1403 2232 ab
1433 2177 1585 2234 Iside
1614 2178 1814 2253 pasci?

326 2246 563 2305 Accidit
588 2259 646 2305 et
675 2259 865 2307 nostro
892 2250 1091 2307 similis
1114 2252 1337 2310 fortuna
1364 2255 1606 2313 Catullo.
1663 2260 1676 2279 '

325 2324 525 2384 Quum
554 2325 757 2402 plenus
784 2327 960 2385 fluctu
988 2331 1209 2387 medius
1239 2332 1380 2389 foret
1408 2334 1618 2405 alveuS‚
1646 2346 1704 2392 et
1724 2335 1863 2411 jam,

325 2402 628 2461 Alternum
658 2406 859 2482 puppis
879 2408 1028 2464 latus
1057 2412 1441 2468 evertentibus
1469 2413 1639 2469 undis

323 2481 565 2538 Arboris
594 2483 845 2555 incertae,
876 2487 1090 2542 nullam
1119 2489 1423 2562 prudentia
1450 2490 1579 2546 cani

325 2558 595 2616 Rectoris
621 2561 904 2619 conferret
929 2583 1129 2638 opem3
1174 2567 1441 2624 decidere
1464 2569 1622 2642 jactu

323 2636 513 2711 Coepit
534 2656 666 2693 cum
695 2639 877 2695 ventis
899 2659 996 2709 3—

323 2713 594 2786 Fundite,
623 2735 749 2792 quae
778 2736 905 2776 mea
932 2733 1083 2795 sunt,
1113 2723 1360 2797 dicebat,
1384 2738 1614 2798 cuncta,
1646 2727 1924 2801 Catullus,

324 2791 685 2869 Praecipitare
713 2795 907 2854 volens
933 2800 1101 2856 etiam
1131 2803 1530 2877 pulcherrima,
1558 2816 1767 2863 vestem

323 2872 693 2947 Purpuream,
722 2876 932 2932 teneris
957 2897 1178 2954 quoque
1207 2880 1625 2940 Maecenatibus
1653 2896 1860 2959 aptam,

323 2951 514 3025 Atque
543 2951 699 3024 alias,
727 2971 966 3029 quarum
992 2959 1254 3031 generosi
1282 2961 1558 3035 graminis
1585 2963 1771 3037 ipsum

322 3028 533 3087 Infecit
559 3041 761 3088 natura
786 3051 982 3107 pecuS‚
1012 3035 1111 3092 sed
1140 3047 1198 3093 et
1225 3040 1491 3114 egregius
1520 3040 1645 3097 fons

321 3106 557 3165 Viribus
582 3109 928 3186 occultis‚,et
956 3111 1205 3171 Baeticus
1234 3116 1460 3190 adjuvat
1487 3121 1603 3175 aer.

322 3183 434 3242 Ille
463 3205 574 3244 nec
603 3200 899 3262 argentum
927 3190 1232 3249 dubitabat·
1250 3194 1493 3266 mittere,
1522 3195 1721 3254 lances

322 3262 630 3322 Parthenio
658 3266 852 3339 factaS,
881 3286 1040 3324 urnae
1069 3282 1287 3329 cratera
1315 3278 1606 3347 capacem,

322 3338 398 3397 Et
426 3341 664 3417 dignum
692 3344 919 3402 sitiente
946 3347 1143 3419 Phole,
1174 3347 1261 3405 vel
1290 3351 1535 3426 conjuge
1564 3351 1758 3410 Fusci.

323 3418 492 3475 Adde
519 3431 577 3482 et
604 3420 936 3495 bascaudaS,
965 3435 1022 3481 et
1049 3425 1203 3483 mille
1230 3429 1469 3499 escaria,
1497 3429 1741 3487 multum

322 3495 545 3567 caelati,
574 3496 793 3557 biberat
813 3521 925 3575 quo
952 3503 1192 3561 callidus
1218 3516 1438 3580 emptor
1463 3507 1723 3582 Olynthi.

322 3573 439 3630 Sed
467 3574 593 3647 quis
620 3593 777 3633 nunc
806 3577 968 3649 alius,
996 3581 1110 3655 qua
1137 3583 1336 3639 mundi
1365 3595 1540 3659 parte,
1569 3586 1697 3659 quis
1727 3586 1900 3644 audet

323 3651 580 3726 Argento
607 3654 869 3726 praeserre
897 3669 1085 3729 caput,
1116 3661 1395 3735 rebusque
1423 3663 1702 3720 salutem?

321 3727 455 3784 Non
483 3738 706 3803 propter
733 3730 908 3786 vitam
936 3731 1151 3790 faciunt
1177 3739 1517 3811 patrimonia
1541 3741 1792 3813 quidam,

2234 769 2313 826 10

2224 1553 2306 1610 20

2222 3121 2302 3178 40

2218 3510 2300 3567 45
