2613 4161
339 234 417 289 70
524 290 527 295 ,
963 229 1028 275 D.
1065 227 1259 276 JUNII
1292 227 1691 275 JUVENALis

337 372 686 443 Quaesitum,
714 380 772 427 et
787 380 976 446 partos
1003 369 1194 446 gladio
1222 368 1308 427 vel
1336 369 1543 443 pyxide
1571 388 1837 426 nummos
1852 371 1878 424 ‘l

340 449 482 506 Rari
511 450 716 525 quippe
748 449 880 506 boni
903 468 914 505 :
959 467 1231 504 numerus
1258 447 1352 503 vix
1379 460 1465 503 est
1492 449 1749 520 totidem,
1776 459 1913 523 quot

340 528 674 584 Thebarum
703 539 896 603 portic,
928 527 1014 583 vel
1045 527 1232 583 divitis
1259 526 1404 582 ostia
1431 524 1574 582 Nili.

340 606 513 663 Nona
541 618 674 662 aetas
703 607 908 680 agitur,
936 606 1236 680 pejoraque
1266 603 1475 659 saecula
1507 605 1633 662 ferri

341 684 743 760 TemporibuS,
772 702 1008 757 quorum
1038 683 1240 738 sceleri
1270 701 1384 738 non
1419 682 1637 738 invenit
1666 684 1785 758 ipsa

342 761 570 820 Nomen
599 774 657 819 et
687 781 719 818 a
747 763 902 818 nullo
930 761 1116 836 posuit
1144 772 1349 816 natura
1378 761 1622 817 metallo.

341 842 466 897 Nos
494 842 787 897 hominum
815 840 1119 914 divumque
1148 840 1318 895 fidem
1350 837 1594 896 clamore
1624 840 1859 910 cicmuS,

340 921 577 980 Quanto
607 919 911 974 Faesidium
944 919 1137 974 laudat
1164 917 1375 973 vocalis
1404 930 1668 992 agentem

344 998 624 1072 Sportula.
708 997 840 1068 Dic,
870 997 1076 1068 senior,
1107 996 1261 1052 bulla
1290 996 1645 1071 dignissime,
1675 995 1884 1068 nesciS,

341 1077 508 1137 Quas
536 1076 740 1133 habeat
770 1076 1025 1132 Veneres
1053 1075 1238 1131 aliena
1265 1075 1552 1149 pecunia?
1595 1075 1803 1145 nesciS,

340 1155 535 1214 Quem
565 1165 662 1210 tua
689 1154 1020 1228 simplicitas
1047 1154 1223 1209 risum
1251 1153 1422 1228 vulgo
1450 1164 1689 1222 moveat,
1719 1170 1896 1226 quum

343 1231 545 1306 Exigis
573 1251 607 1288 a
631 1251 930 1306 quoquam,
959 1251 1034 1287 ne
1061 1232 1294 1307 pejeret,
1323 1243 1381 1288 et
1408 1243 1569 1306 putet
1596 1231 1724 1287 ullis

343 1309 485 1366 Esse
515 1310 739 1383 aliquod
768 1329 981 1366 numen
1011 1311 1253 1385 templiS,
1284 1328 1507 1384 araeque
1535 1310 1803 1366 rubenti?

236 1428 245 1432 «
341 1388 654 1447 Quondam
686 1388 793 1444 hoc
821 1389 1106 1463 indigenae
1137 1389 1401 1445 vivebant
1429 1407 1606 1460 more,
1634 1385 1793 1463 prius
1821 1385 1993 1463 quam

346 1467 609 1522 Sumeret
636 1477 918 1540 agrestem
946 1467 1128 1541 posito
1156 1467 1477 1523 diademate
1507 1467 1708 1523 falcem

347 1546 627 1600 Saturnus
657 1545 914 1620 fugiens;
959 1556 1117 1617 tunc,
1146 1564 1322 1619 quum
1351 1545 1684 1620 virguncula
1710 1543 1748 1600 J
1752 1564 1886 1617 un0,

344 1621 420 1678 Et
446 1623 695 1697 privatus
723 1624 911 1680 adhuc
941 1623 1110 1679 Idaeis
1137 1623 1174 1679 J
1181 1625 1369 1698 upiter
1398 1625 1592 1680 antris,

344 1699 522 1758 Nulla
548 1720 715 1777 super
743 1702 927 1758 nubes
954 1703 1212 1758 convivia
1239 1701 1646 1773 coelicolarum,

342 1777 474 1835 Nec
500 1798 641 1854 puer
671 1778 907 1852 IliacuS,
938 1780 1179 1844 formosa
1206 1799 1318 1837 nec
1335 1780 1614 1838 'Herculis
1643 1798 1788 1838 uxor

345 1857 440 1913 Ad
469 1859 721 1932 cyathOS,
749 1868 807 1915 et
827 1859 944 1935 jam
973 1859 1186 1917 siccato
1208 1869 1438 1916 nectare
1465 1870 1694 1934 tergens

344 1935 589 1993 Brachia
616 1936 913 1994 Vulcanus
940 1937 1198 2013 Liparaea
1226 1938 1391 2013 nigra
1416 1938 1669 1994 taberna.

343 2014 667 2072 Prandebat
692 2015 800 2071 sibi
827 2016 1062 2090 quisque
1090 2017 1252 2087 deus,
1282 2034 1393 2073 nec
1419 2017 1586 2073 turba
1614 2018 1850 2073 deorum

343 2092 526 2164 Talis,
557 2104 619 2150 ut
646 2105 732 2151 est
758 2094 948 2165 hodie,
977 2105 1357 2169 contentaque
1385 2096 1573 2152 sidera
1599 2095 1798 2171 paucis

343 2168 696 2229 Numinibus
723 2172 992 2229 miserum
1021 2172 1341 2248 urguebant
1371 2174 1607 2231 Atlanta
1634 2173 1839 2231 minori

344 2247 621 2308 Pondere.
703 2249 980 2308 Nondum
1009 2251 1210 2325 aliquis
1238 2253 1466 2309 sortitus
1493 2253 1651 2309 triste
1677 2252 1944 2327 prosundl

343 2327 675 2403 Imperium,
699 2340 798 2387 aut
825 2330 1022 2387 Sicula
1050 2341 1240 2388 torvus
1268 2350 1400 2387 cum
1430 2331 1674 2406 conjuge
1703 2331 1926 2387 Pluton.

342 2405 475 2462 Nec
501 2419 641 2479 rota,
670 2427 780 2465 nec
809 2408 1019 2481 Furiae,
1048 2428 1158 2465 nec
1186 2428 1404 2481 saxum,
1435 2422 1532 2466 aut
1561 2409 1794 2466 vulturis
1822 2408 1929 2466 atri

342 2485 522 2541 Poena
546 2505 560 2553 ;
604 2486 704 2541 sed
732 2486 970 2543 infernis
998 2488 1205 2544 hilares
1233 2489 1356 2544 sine
1384 2487 1613 2561 regibus
1640 2489 1871 2544 umbrae.

342 2562 681 2638 Improbitas
708 2563 804 2620 illo
832 2564 936 2622 fuit
963 2566 1309 2623 admirabilis
1339 2584 1473 2622 aevo.

310 2661 315 2666 ·
344 2640 672 2698 Credebant
697 2641 808 2698 hoc
836 2644 1051 2716 grande
1079 2644 1258 2716 nefas,
1287 2655 1346 2702 et
1371 2655 1551 2700 morte
1579 2644 1873 2719 piandum,

345 2719 409 2775 Si
431 2718 655 2794 juvenis
681 2720 868 2777 vetulo
894 2741 1010 2778 non
1039 2723 1433 2779 adsurrexerat
1460 2733 1517 2779 et
1544 2723 1591 2778 si

342 2797 587 2856 Barbato
614 2798 934 2874 cuicunque
962 2819 1121 2875 puer,
1149 2799 1289 2858 licet
1318 2801 1436 2877 ipse
1464 2802 1678 2857 videret

343 2876 514 2934 Plura
542 2876 694 2933 domi
723 2877 897 2952 fraga,
918 2890 977 2935 et
1005 2879 1244 2955 majores
1269 2879 1494 2954 glandis
1521 2897 1767 2935 acervos.

343 2956 495 3013 Tam
525 2956 844 3013 venerabile
873 2968 994 3014 erat
1018 2958 1342 3032 praecedere
1369 2968 1607 3031 quatuor
1635 2957 1822 3030 annis,

343 3035 642 3110 Primaque
669 3053 769 3109 par
798 3032 943 3093 adeo
972 3054 1148 3092 sacrae
1174 3035 1387 3110 lanugo
1414 3045 1661 3092 senectae
1684 3036 1697 3093 l

342 3112 539 3183 Nunc,
569 3113 615 3169 si
645 3114 962 3188 depositum
990 3133 1105 3171 non
1134 3113 1408 3171 infitietur
1436 3114 1673 3185 amicuS,

345 3192 408 3246 Si
437 3193 638 3248 reddat
663 3202 911 3249 veterem
939 3211 1072 3248 cum
1099 3193 1218 3249 tota
1249 3192 1502 3267 aerugine
1531 3191 1746 3265 follem,

343 3268 675 3342 Prodigiosa
704 3268 864 3342 fides,
893 3281 951 3327 et
978 3269 1192 3327 Tuscis
1221 3271 1397 3344 digna
1424 3270 1648 3343 libellis,

342 3344 608 3418 Quaeque
638 3348 907 3405 coronata
935 3348 1162 3405 lustrari
1185 3348 1390 3405 debeat
1417 3349 1582 3423 agna.

345 3421 661 3497 Egregium
690 3437 1064 3501 sanctumque
1093 3427 1275 3483 virum
1302 3426 1351 3481 si
1379 3445 1572 3498 cerno,
1605 3427 1881 3483 bimembt

344 3499 477 3555 Hoc
505 3511 816 3557 monstrum
844 3524 1039 3578 puero,
1070 3516 1167 3562 aut
1186 3504 1421 3561 ‘miranti
1450 3506 1556 3561 sub
1579 3516 1764 3563 aratro

344 3577 609 3633 Piscibus
637 3579 900 3652 inventiS,
928 3590 987 3638 et
1016 3583 1164 3639 foetae
1193 3602 1459 3657 comparo
1487 3583 1679 3655 mulae,

345 3655 657 3726 Sollicitus,
685 3665 955 3729 tanquam
982 3659 1200 3732 lapides
1227 3661 1493 3717 effuderit
1520 3661 1722 3733 imber,

348 3731 674 3787 Examenve
701 3732 890 3806 apium
919 3734 1091 3806 longa
1119 3737 1443 3794 consederit
1472 3739 1581 3793 uva

2249 764 2330 817 30

2247 1544 2328 1600 40

2248 3113 2330 3169 60

2245 3503 2328 3559 65
