2613 4161
1115 218 1368 268 SATIRA
1402 219 1552 267 xlv.

330 358 450 415 Hic
477 369 565 415 est
589 354 730 434 ergo
758 358 924 415 cibus
949 357 1147 434 magni
1173 377 1398 434 quoque
1423 359 1682 432 vulturis,
1706 369 1769 418 ot
1791 372 1859 419 se

326 437 645 508 Pascentis‚
673 436 900 512 propria
926 456 1101 510 quum
1117 437 1235 512 jam
1265 437 1405 495 facit
1433 438 1633 496 arbore
1660 439 1844 497 nidos.

327 514 446 571 Sed
474 516 726 588 leporem
753 526 850 571 aut
877 533 1142 590 capream
1170 515 1396 579 famulae
1425 515 1585 573 Jovis
1610 527 1671 573 et
1694 525 1992 593 geneion

327 592 399 648 In
430 591 576 649 saltu
604 602 882 649 venantur
905 611 1069 649 aves:
1107 593 1245 650 hinc
1271 594 1467 668 praeda
1496 594 1673 651 cubili

327 669 566 727 Ponitur
589 688 603 726 τ
645 671 782 727 inde
811 680 1022 741 autern,
1051 688 1226 744 quum
1253 689 1316 728 se
1343 682 1566 729 matura
1591 670 1796 730 levarit

328 748 658 824 ProgenieS,
688 748 1014 804 stimulante
1044 749 1213 819 farne,
1243 747 1474 806 festinat
1501 750 1575 807 ad
1602 750 1801 823 illam,

325 826 527 888 Quam
553 823 800 900 primum
826 826 1077 900 praedam
1104 838 1271 901 rupto
1297 838 1623 902 gustaverat
1646 847 1770 887 ovo.

410 904 747 962 AEdificator
775 914 898 960 erat
924 903 1250 975 CetroniuS,
1273 917 1332 961 et
1361 901 1532 962 modo
1555 923 1731 964 curvo

329 981 546 1039 Littore
576 980 813 1057 Cajetae,
843 981 1069 1037 summa
1096 1000 1255 1037 nunc
1283 981 1526 1039 Tiburis
1554 1000 1708 1054 arce,

327 1059 507 1115 Nunc
534 1059 901 1116 Praenestinis
930 1058 991 1115 in
1019 1060 1328 1130 montibus,
1356 1059 1471 1117 alta
1494 1060 1732 1135 parabat

327 1136 602 1194 Culmina
627 1136 905 1208 villarum,
934 1136 1154 1209 Graecis
1179 1135 1470 1212 longeque
1495 1137 1690 1213 petitis

330 1214 734 1285 MarmoribuS,
762 1214 998 1271 vincens
1025 1213 1295 1271 Fortunae
1327 1226 1495 1290 atque
1518 1214 1794 1275 Herculis
1810 1216 2027 1292 edem,

328 1292 407 1349 Ut
433 1294 609 1367 spado
635 1293 898 1349 vincebat
925 1291 1209 1367 Capitolia
1234 1304 1431 1351 nostra
1454 1293 1710 1352 Posides·

329 1370 488 1427 Dum
516 1371 600 1427 sic
626 1367 766 1445 ergo
795 1369 1014 1427 habitat
1039 1370 1364 1442 Cetronius‚
1393 1371 1683 1429 imminuit
1705 1390 1851 1447 rem,

328 1448 528 1524 Fregit
552 1467 722 1522 opes;
764 1467 874 1505 nec
899 1468 1071 1523 parva
1096 1459 1290 1506 tamen
1318 1467 1589 1506 mensura
1612 1450 1832 1509 relicta

328 1526 515 1583 Partis
541 1537 664 1583 erat
687 1544 701 1581 ε
744 1535 920 1583 totam
941 1527 1092 1582 hanc
1119 1527 1366 1584 turbavit
1390 1527 1541 1589 filius
1569 1546 1789 1601 amens,

328 1604 485 1661 Dum
511 1603 744 1663 meliore
771 1622 947 1661 novas
973 1603 1176 1662 attollit
1202 1623 1483 1663 marmore
1506 1605 1687 1662 villas.

404 1682 670 1744 Quidam
697 1681 878 1740 sortiti
906 1692 1258 1739 metuentem
1285 1682 1526 1738 sabbata
1550 1694 1793 1757 patrem,

327 1760 428 1818 Nil
455 1771 661 1836 praeter
687 1760 873 1817 nubes
900 1769 959 1817 et
984 1758 1117 1816 coeli
1143 1776 1362 1816 numen
1388 1760 1629 1816 adorant
1644 1779 1662 1828 ;

326 1838 387 1895 N
391 1856 459 1896 ec
488 1838 696 1895 distare
722 1847 931 1913 putant
957 1837 1212 1893 humana
1239 1854 1416 1893 carne
1442 1837 1692 1909 suillam,

324 1915 469 1977 Qua
494 1927 652 1991 pater
682 1914 988 1983 abstinuit3
1030 1933 1164 1972 mox
1189 1925 1247 1972 et
1272 1914 1551 1990 praeputia
1575 1922 1836 1992 ponunt:

330 1995 626 2051 Romanas
656 2004 847 2051 autem
875 1993 1027 2051 soliti
1054 2003 1424 2051 contemnere
1450 1992 1611 2068 leges

326 2072 365 2128 J
370 2073 955 2144 udai‘cumediscunt,
984 2083 1044 2130 et
1070 2082 1315 2142 servant,
1345 2090 1415 2128 ac
1441 2080 1707 2130 metuunt
1728 2070 1848 2148 jus,

327 2151 599 2208 Tradidit
628 2170 837 2209 arcano
862 2152 1246 2225 quodcunque
1272 2149 1562 2220 volumine
1589 2149 1806 2209 Moses.

327 2229 385 2285 N
388 2249 464 2286 on
493 2240 806 2287 monstrare
833 2228 971 2300 viae„
1001 2228 1206 2286 eadem
1233 2227 1348 2286 nisi
1367 2246 1534 2285 sacra
1557 2228 1809 2299 colenti3

324 2307 659 2368 Quaesitum
691 2308 762 2363 ad
790 2307 1004 2364 fontem
1030 2305 1181 2363 solos
1202 2306 1491 2363 deducere
1517 2324 1734 2381 verpos.

328 2385 446 2441 Sed
473 2395 633 2460 pater
661 2384 722 2440 in
749 2385 940 2453 causa,
971 2383 1069 2441 cui
1095 2384 1338 2459 septima
1360 2401 1603 2458 quaeque
1628 2382 1737 2442 fuit
1760 2382 1867 2443 lux

327 2462 556 2538 Ignava
576 2473 634 2519 et
659 2473 877 2537 partem
907 2463 1035 2520 vitae
1064 2479 1180 2519 non
1210 2461 1397 2537 attigit
1423 2460 1615 2519 ullam.

409 2542 625 2615 Sponte
653 2552 844 2597 tamen
862 2540 1101 2615 juvenes
1131 2539 1427 2601 imitantur
1455 2551 1703 2597 caetera:
1736 2538 1928 2599 solam
2000 2602 2004 2606 ,

328 2618 503 2675 Inviti
530 2636 752 2692 quoque
783 2618 1071 2675 avaritiam
1098 2636 1366 2675 exercere
1388 2617 1679 2693 jubentur.

328 2696 504 2753 Fallit
528 2696 684 2753 enim
710 2696 911 2752 vitium
936 2696 1129 2769 specie
1154 2696 1379 2754 virtutis
1404 2706 1463 2753 et
1489 2695 1715 2767 umbra,

324 2774 532 2835 Quum
560 2774 635 2830 sit
660 2774 817 2830 triste
845 2774 1045 2830 habitu
1071 2772 1341 2849 vultuque
1367 2782 1427 2830 et
1452 2783 1610 2831 veste
1637 2791 1920 2834 severum.

329 2852 464 2909 Nec
494 2849 689 2921 dubie,
718 2863 989 2927 tanquam
1018 2851 1187 2927 frugi,
1214 2851 1483 2909 laudatur
1509 2869 1735 2924 avarus,

329 2930 640 3003 Tanquam
666 2948 875 3022 parcus
903 2930 1092 3000 homo,
1120 2941 1179 2988 et
1206 2948 1398 2988 rerum
1426 2929 1606 2987 tutela
1630 2935 1868 2989 suarum

330 3009 509 3065 Certa
535 3026 741 3082 magm,
768 3004 942 3082 quam
968 3007 1024 3063 εἰ
1047 3008 1298 3065 fortunas
1326 3017 1510 3065 servet
1535 3007 1769 3065 easdem

330 3084 722 3160 Hesperidum
748 3103 983 3160 serpens
1010 3094 1109 3142 aut
1135 3085 1427 3143 Ponticus·
1507 3085 1682 3144 Adde
1708 3082 1866 3161 quod
1891 3085 2071 3159 hunc,
2090 3081 2175 3143 lle

326 3163 469 3225 Quo
495 3163 710 3237 loquor,
738 3162 1035 3237 egregium
1061 3163 1303 3238 populus
1328 3172 1492 3238 putat
1517 3162 1855 3239 acquirendi

331 3241 635 3299 Artificem
658 3258 672 3297 ε
714 3240 922 3316 quippe
949 3240 1039 3297 his
1067 3251 1338 3298 crescunt
1361 3240 1706 3316 patrimonia
1731 3239 1941 3300 fabris.¹

321 3319 451 3376 ‘Sed
480 3329 750 3376 crescunt
774 3336 1116 3393 quocunque
1142 3318 1333 3391 modo,
1361 3319 1686 3395 majoraque
1711 3318 1859 3377 fiunt

331 3397 555 3455 Incude
583 3397 831 3467 assidua„
859 3415 1192 3472 semperque
1220 3398 1457 3454 ardente
1485 3397 1731 3454 camino.

329 3474 405 3532 Et
431 3485 592 3550 pater
619 3470 757 3549 ergo
786 3474 962 3531 animi
992 3474 1187 3533 felices
1213 3474 1399 3532 credit
1424 3492 1639 3543 avaros,

326 3552 452 3615 Qui
482 3553 716 3609 miratur
741 3570 899 3627 opes,
925 3553 1024 3626 qui
1051 3552 1212 3610 nulla
1236 3550 1499 3625 exempla
1525 3549 1677 3607 beati

329 3631 607 3706 Pauperis
633 3649 759 3688 esse
786 3640 949 3705 putat
1021 3630 1263 3705 juvenes
1289 3631 1567 3698 hortatur,
1594 3639 1659 3685 ut
1683 3626 1842 3687 illam

327 3709 424 3768 Ire
452 3709 602 3766 viam
625 3718 975 3840 pergaqtaet
1000 3709 1190 3766 eidem
1207 3706 1554 3780 incumbere
1580 3715 1772 3766 secte.
1812 3801 1815 3802 γ

2188 1993 2316 2056 lm

2180 2770 2318 2835 m

2192 3160 2316 3221 115
