2613 4161
304 218 386 278 ρο
931 214 996 262 D.
1031 213 1228 265 mnu
1260 210 1657 261 JUVENALls

303 354 561 431 Virginis
584 354 854 426 occurrit,
882 354 969 412 vel
996 353 1149 412 terra
1174 352 1461 410 clauditur
1487 350 1695 425 infans,

305 433 381 491 Et
407 435 591 491 minor
619 435 753 508 igne
781 432 919 507 rogi.
1001 431 1156 492 Quis
1182 432 1336 488 enim
1366 431 1551 487 bonus
1577 441 1636 487 et
1663 431 1788 487 face
1814 428 2027 506 dignus
2178 426 2298 487 140

304 512 560 582 Arcana,
588 512 813 584 qualem
841 510 1068 567 Cereris
1095 509 1212 566 vult
1241 528 1366 565 esse
1394 509 1677 580 sacerdos,

311 589 435 647 Ulla
462 590 650 646 aliena
676 589 783 645 sibi
810 588 1006 645 credat
1030 587 1222 644 mala‘l
1306 588 1544 661 Separat
1572 587 1684 642 hoc
1710 604 1815 644 nos

307 668 362 723 A
393 686 565 742 grege
594 678 898 736 mutorum,
926 675 1094 738 atque
1123 665 1253 722 ideo
1280 665 1601 721 venerabile
1628 664 1734 721 soli

308 746 502 801 Sortiti
532 745 842 819 ingenium,
867 743 1293 815 divinorumque
1323 760 1583 816 capaceS,

308 825 498 896 Atque
526 822 859 879 exercendis
887 820 1291 895 capiendisque
1320 820 1535 876 artibus
1562 819 1697 893 apti,
2182 818 2300 875 145

311 901 554 956 Sensum
578 919 613 956 a
638 899 854 956 coelesti
883 899 1192 954 demissum
1222 898 1497 954 traximus
1527 916 1678 966 arce,

309 978 491 1053 Cujus
518 990 691 1052 egent
716 997 892 1052 prona
921 988 980 1032 et
1006 987 1212 1033 terram
1241 976 1575 1050 spectantia.
1659 973 1869 1030 Mundi

310 1055 600 1130 Principio
628 1055 862 1111 indulsit
889 1055 1210 1112 communis
1237 1054 1497 1110 conditor
1527 1052 1637 1108 illis

311 1132 569 1190 Tantum
598 1134 837 1203 animaS,
866 1133 1030 1189 nobis
1058 1131 1314 1188 animum
1343 1149 1585 1204 quoque,
1615 1139 1850 1185 mutuus
1877 1139 1941 1185 ut
1966 1146 2074 1187 nos

314 1211 576 1267 Affectus
601 1222 792 1286 petere
821 1210 1091 1267 auxilium
1121 1220 1179 1266 et
1206 1220 1474 1284 praestare
1496 1209 1741 1282 juberet,
2183 1206 2302 1262 150

312 1286 616 1362 Dispersos
642 1290 865 1345 trahere
892 1288 952 1345 in
981 1287 1271 1364 populum,
1300 1287 1545 1361 migrare
1573 1296 1796 1342 vetusto

311 1363 402 1421 De
430 1383 680 1436 nemore,
702 1377 761 1422 et
786 1366 1005 1441 proavis
1032 1364 1311 1423 habitatas
1337 1365 1590 1439 linquere
1617 1363 1787 1421 silvas

313 1441 625 1499 AEdificare
655 1443 869 1515 domos,
898 1441 1141 1500 Laribus
1162 1443 1511 1518 conjungere
1537 1440 1744 1501 nostris

314 1518 565 1576 Tectum
592 1520 767 1593 aliud,
797 1532 946 1579 tutos
975 1521 1164 1579 vicino
1190 1520 1392 1577 limine
1417 1539 1646 1578 somnos

312 1596 392 1654 Ut
419 1597 623 1655 collata
650 1599 809 1657 daret
835 1598 1076 1667 fiducia;
1119 1609 1414 1674 protegere
1442 1598 1613 1655 armis
2185 1596 2302 1653 155

314 1674 564 1750 Lapsum
592 1686 691 1733 aut
717 1676 935 1751 ingenti
962 1688 1258 1734 nutantem
1286 1677 1518 1734 vulnere
1545 1676 1749 1748 civem,

315 1752 623 1810 Communi
654 1755 790 1810 dare
817 1755 982 1830 signa
1007 1753 1166 1825 tuba,
1196 1755 1491 1813 defendier
1516 1752 1702 1811 isdem

315 1829 617 1903 Turribus,
647 1842 812 1907 atque
841 1833 958 1889 una
983 1843 1269 1907 portarum
1296 1832 1456 1890 clave
1481 1832 1680 1890 teneri.

316 1907 435 1965 Sed
458 1908 575 1982 jam
604 1921 928 1984 serpentum
955 1911 1130 1985 major
1158 1912 1482 1968 concordia.
1563 1908 1756 1966 Parcit

316 1985 592 2059 Cognatis
618 1988 858 2045 maculis
885 1988 1086 2045 similis
1114 1989 1247 2046 fera.
1329 1988 1586 2049 Quando
1610 1986 1762 2045 leoni
2187 1984 2302 2042 160

316 2062 539 2120 Fortior
565 2065 771 2141 eripuit
796 2066 968 2123 vitam
995 2066 1125 2124 leo?
1167 2086 1279 2140 quo
1309 2086 1543 2127 nemore
1571 2083 1821 2141 unquam

318 2140 637 2216 Exspiravit
664 2162 797 2217 aper
825 2143 1052 2218 majoris
1080 2145 1348 2202 dentibus
1378 2145 1546 2220 apri'l

319 2218 523 2276 Indica
549 2220 709 2296 tigris
736 2222 855 2296 agit
879 2223 1239 2279 rabida-cum
1267 2223 1473 2298 tigride
1501 2240 1701 2298 pacem

318 2297 693 2373 Perpetuam:
735 2301 897 2357 saevis
925 2301 1069 2359 inter
1098 2319 1159 2357 se
1187 2300 1456 2358 convenit
1483 2300 1647 2356 ursis».

319 2375 432 2431 Ast
458 2376 676 2433 homini
704 2377 913 2434 serrum
941 2379 1108 2436 letale
1136 2378 1351 2436 incude
1376 2378 1627 2435 nefanda
2183 2376 2299 2433 165

319 2451 660 2509 Produxisse
685 2473 886 2529 parum
908 2467 1027 2523 est3
1070 2475 1244 2531 quum
1272 2468 1452 2513 rastra
1478 2466 1536 2513 et
1564 2454 1787 2513 sarcula
1811 2452 2035 2513 tantum

319 2528 553 2585 Assueti
582 2549 846 2604 coquere,
875 2543 934 2589 et
958 2534 1158 2590 marris
1180 2553 1249 2590 ac
1277 2552 1503 2590 vomere
1531 2533 1664 2590 lassi

319 2605 649 2664 Nescierint
672 2609 838 2681 primi
864 2610 1082 2684 gladios
1108 2613 1421 2668 extundere
1452 2611 1610 2668 fabri.

320 2684 692 2759 Adspicimus
719 2687 973 2761 popuIOS,
1000 2707 1241 2761 quorum
1269 2709 1384 2746 non
1413 2689 1623 2746 sufficit
1645 2688 1742 2745 irae

318 2760 620 2819 Occidisse
648 2763 890 2837 aliquem
912 2786 928 2836 ;
970 2767 1069 2822 sed
1096 2777 1348 2841 pectora,
1372 2768 1624 2838 brachia,
1653 2765 1867 2823 vultum
2188 2765 2305 2823 170

320 2840 685 2898 Crediderint
709 2861 892 2917 genus
913 2863 1039 2901 esse
1067 2845 1198 2902 cibi.
1279 2845 1447 2906 Quid
1475 2845 1693 2902 diceret
1719 2842 1879 2919 ergo,

318 2918 428 2976 Vel
456 2916 570 2993 quo
598 2939 714 2977 non
743 2920 983 2997 fugeret,
1012 2922 1060 2979 si
1086 2942 1244 2980 nunc
1272 2924 1397 2980 haec
1426 2935 1676 2980 monstra
1701 2922 1918 2979 videret

319 2996 686 3073 Pythagoras,
714 3000 940 3057 cunctis
967 3001 1306 3058 animalibus
1336 3001 1609 3058 abstinuit
1633 3000 1728 3074 qui

319 3074 625 3151 Tanquam
654 3077 904 3152 homine,
930 3088 989 3136 et
1017 3079 1197 3137 ventri
1223 3079 1460 3136 indulsit
1486 3097 1602 3136 non
1628 3096 1800 3138 omne
1827 3077 2139 3153 legumen?

1048 3388 1367 3446 SATIRA
1409 3388 1575 3447 XVI.

397 3540 560 3601 Qurs
589 3561 889 3601 numerare
916 3555 1086 3619 queat
1114 3546 1295 3603 felicis
1336 3544 1588 3618 praemia,
1616 3544 1807 3617 Galle,

320 3616 587 3674 Militiae‘t
667 3618 821 3676 Nam
849 3621 897 3676 si
924 3623 1238 3679 subeuntur
1264 3642 1530 3697 prospera
1556 3632 1762 3695 castra,

323 3693 421 3750 Me
446 3694 713 3769 pavidum
740 3696 988 3768 excipiat
1012 3698 1256 3756 tironem
1282 3711 1444 3773 porta
1470 3700 1726 3756 secundo
