2613 4161
1076 255 1325 301 SATIRA
1361 254 1427 300 ll.

265 397 539 455 Attollens
567 396 797 453 oculos:
839 395 1015 452 vitreo
1043 395 1187 452 bibit
1214 396 1310 452 ille
1340 395 1564 469 Priapo,

263 474 700 548 Reticulumque
729 474 907 531 comis
936 486 1194 530 auratum
1228 475 1559 548 ingentibus
1587 472 1801 549 implet,

260 554 516 610 Caerulea
546 555 776 610 indutus
805 553 1108 623 scutulata,
1139 564 1236 609 aut
1263 553 1510 626 galbana
1537 571 1685 625 rasa,

259 632 329 689 Et
354 653 454 707 per
483 631 519 687 J
525 650 772 688 unonem
802 632 1014 688 domini
1040 631 1266 705 jurante
1297 631 1573 686 ministro.

261 711 357 768 Ille
388 723 542 767 tenet
571 710 885 785 speculum,
915 710 1129 784 pathici
1158 719 1452 783 gestamen
1490 709 1759 781 Othonis»,

261 791 483 847 Actoris
515 789 779 845 Aurunci
809 789 1072 862 spolium,
1101 806 1211 862 quo
1239 807 1298 843 se
1329 788 1423 843 ille
1452 788 1682 844 videbat

261 871 577 938 Armatum,
608 887 784 941 quum
809 867 927 941 jam
956 867 1076 922 tolli
1107 867 1310 921 vexilla
1332 867 1571 940 juberet.

259 948 376 1004 Res
404 946 773 1003 memoranda
801 945 961 1001 novis
990 945 1310 1014 annalibuS‚
1340 954 1506 1016 atque
1535 944 1749 1000 recenti

261 1025 532 1094 Historia„
563 1023 862 1099 speculum
892 1023 1076 1079 civilis
1106 1022 1331 1078 sarcina
1361 1022 1509 1078 belli.

258 1104 546 1159 Nimirum
575 1103 783 1158 summi
813 1102 978 1157 ducis
1005 1111 1092 1157 est
1118 1101 1384 1156 occidere
1416 1099 1678 1172 Galbam,

261 1182 326 1236 Et
343 1199 546 1237 curare
566 1190 783 1248 cutem3
805 1181 1010 1235 summi
1041 1179 1365 1236 constantia
1393 1178 1533 1234 civis

259 1259 517 1314 Bebriaci
574 1278 779 1334 campo
837 1257 1082 1332 spolium
1137 1256 1405 1315 affectare
1437 1255 1639 1327 Palati,

256 1337 329 1393 Et
355 1355 616 1411 pressum
639 1337 697 1392 in
728 1336 931 1392 faciem
961 1337 1152 1410 digitis
1179 1336 1488 1392 extendere
1516 1354 1723 1410 panem
1748 1355 1762 1391 :

255 1416 429 1476 Quod
459 1415 654 1471 necin
684 1415 921 1489 Assyrio
948 1417 1272 1490 pharetrata
1303 1415 1638 1471 Semiramis
1665 1415 1822 1486 orbe,

256 1492 463 1550 Moesta
492 1512 601 1549 nec
630 1494 875 1549 Actiaca
905 1494 1040 1549 fecit
1062 1493 1365 1568 Cleopatra
1392 1493 1605 1556 carina.

254 1572 371 1628 Hic
401 1572 589 1628 nullus
617 1573 802 1628 verbis
830 1574 1031 1646 pudor,
1062 1583 1159 1628 aut
1187 1573 1502 1628 reverentia
1531 1590 1764 1627 menste-

255 1649 373 1706 Hic
402 1651 582 1724 turpis
612 1650 858 1723 Cybeles
885 1660 942 1707 et
972 1651 1151 1709 fracta
1182 1670 1319 1707 voce
1349 1651 1616 1725 loquendi

252 1728 534 1799 Libertas»,
564 1739 622 1784 et
649 1729 809 1783 crine
837 1748 1014 1784 senex
1042 1730 1323 1785 fanaticus
1351 1730 1481 1785 albo

253 1808 567 1863 Sacrorum
597 1805 853 1876 antisteS,
882 1825 1071 1861 rarum
1101 1825 1170 1861 ac
1200 1807 1564 1862 memorabile
1593 1807 1790 1880 magni

251 1884 517 1942 Gutturis
546 1884 894 1958 exemplum,
924 1885 1449 1957 conducendusque
1477 1884 1762 1958 magister.

251 1964 417 2025 Quid
446 1974 640 2019 tamen
669 1973 1020 2036 exspectant,
1053 1962 1299 2037 Phrygio
1322 1982 1459 2035 quos
1489 1972 1711 2036 tempus
1738 1972 1860 2018 erat
1882 1961 2001 2038 jam

253 2041 417 2100 More
446 2060 854 2117 supervacuam
885 2041 1079 2098 cultris
1109 2041 1444 2117 abrumpere
1473 2043 1754 2099 carnem?

329 2122 774 2196 Quadringenta
803 2121 958 2177 dedit
987 2121 1286 2177 Gracchus
1316 2121 1593 2193 sestertia,
1624 2122 1814 2178 dotem

253 2200 551 2257 Cornicini
576 2220 590 2267 3
635 2201 755 2256 sive
785 2200 879 2255 hic
908 2211 1066 2256 recto
1096 2211 1421 2257 cantaverat
1450 2220 1577 2255 aere.
1607 2240 1610 2243 >

253 2279 507 2354 Signatae
530 2278 769 2335 tabulae:
813 2279 1030 2333 dictum
1059 2277 1366 2333 Feliciter!
1410 2279 1614 2353 ingens

252 2358 437 2414 Coena
466 2358 626 2413 sedet
652 2376 665 2413 ε
710 2356 928 2431 gremio
951 2355 1133 2430 jacuit
1161 2375 1306 2412 nova
1329 2368 1505 2431 nupta
1535 2355 1739 2412 mariti.

251 2435 308 2491 O
336 2454 620 2511 procereS,
650 2453 888 2490 censore
916 2453 1058 2509 opus
1085 2444 1172 2490 est
1199 2454 1272 2491 an
1304 2435 1605 2510 haruspice
1636 2436 1845 2493 nobis?

252 2514 494 2571 Scilicet
522 2515 800 2584 horrereS,
832 2513 1152 2587 majoraque
1181 2527 1434 2570 monstra
1460 2525 1707 2589 putareS,

252 2593 318 2649 Si
349 2593 552 2649 mulier
584 2593 820 2648 vitulum
873 2592 957 2648 vel
989 2593 1035 2648 si
1068 2593 1166 2648 bos
1197 2593 1393 2649 ederet
1422 2595 1681 2668 agnum?

250 2673 589 2747 Segmenta,
619 2681 676 2728 et
702 2672 902 2746 longos
931 2672 1176 2742 habituS,
1206 2683 1263 2728 et
1292 2671 1554 2728 flammea
1581 2673 1774 2745 sumit,

249 2752 494 2807 Arcano
521 2750 617 2824 qui
646 2768 810 2805 sacra
838 2750 1023 2806 ferens
1052 2751 1312 2806 nutantia
1338 2751 1457 2807 loro

251 2830 501 2885 Sudavit
529 2829 741 2903 clypeis
770 2829 1066 2891 ancilibus
1150 2829 1207 2885 O
1235 2840 1397 2903 pater
1426 2829 1618 2901 Urbis,

251 2908 427 2964 Unde
457 2908 617 2963 nefas
645 2917 863 2962 tantum
897 2908 1076 2979 Latiis
1104 2909 1463 2982 pastoribus?
1506 2909 1661 2965 unde

249 2987 402 3043 Haec
430 2986 634 3061 tetigit,
663 2986 928 3055 Gradive,
958 2996 1084 3042 tuos
1113 2988 1293 3043 urtica
1322 2998 1555 3063 nepotes
1584 2989 1607 3044 ’ἶ

247 3065 530 3121 Traditur
562 3083 701 3120 ecce
730 3063 848 3119 viro
871 3064 1058 3118 clarus
1088 3084 1298 3137 genere
1329 3078 1495 3138 atque
1523 3067 1727 3139 opibus
1756 3067 1838 3123 vir
1863 3085 1877 3122 z

246 3144 384 3200 Nec
412 3144 635 3218 galeam
663 3160 916 3216 quassaS,
946 3161 1054 3196 nec
1083 3153 1286 3197 terram
1318 3143 1553 3216 cuspide
1580 3144 1791 3216 pulsas,

247 3222 386 3278 Nec
416 3221 668 3296 quereris
696 3220 885 3294 patri?
969 3220 1132 3276 Vade
1162 3218 1321 3296 ergo,
1351 3232 1409 3277 et
1437 3222 1579 3277 cede
1609 3223 1789 3278 severi

245 3300 284 3356 J
290 3301 569 3375 ugeribus
592 3299 799 3374 campi,
829 3318 998 3372 quem
1028 3300 1270 3375 negligis
1295 3301 1306 3357 ἔ
1392 3300 1664 3356 Officium
1694 3320 1821 3357 cras

246 3379 451 3435 Primo
480 3377 597 3435 sole
629 3378 768 3434 mihi
798 3380 1188 3452 peragendum
1220 3381 1278 3436 in
1311 3380 1451 3435 valle
1479 3378 1734 3437 Quirini.

243 3458 409 3518 Quae
439 3476 615 3512 causa
642 3457 857 3512 officii?
938 3457 1101 3517 Quid
1130 3458 1376 3530 quaeris'!
1459 3456 1644 3511 Nubit
1672 3456 1911 3526 amicuS‚

248 3536 389 3592 Nec
422 3535 628 3592 multos
657 3535 903 3590 adhibet.
988 3535 1190 3590 Liceat
1221 3532 1393 3590 modo
1425 3534 1645 3601 vivere3
1689 3534 1843 3604 fient,

247 3614 430 3670 Fient
459 3614 567 3669 ista
594 3610 807 3686 palam,
837 3613 1070 3685 cupient
1097 3623 1155 3667 et
1182 3612 1238 3666 in
1271 3622 1399 3666 acta
1427 3611 1636 3666 referri.

249 3693 492 3749 Interea
519 3700 865 3747 tormentum
895 3691 1098 3764 ingens
1127 3690 1476 3745 nubentibus
1506 3691 1699 3770 haeret,

246 3768 443 3833 Quod
472 3778 770 3844 nequeunt
794 3786 1012 3841 parere,
1041 3779 1099 3823 et
1125 3777 1290 3840 partu
1318 3768 1565 3823 retinere
1583 3767 1840 3820 maritos·

2159 1335 2239 1391 90

2090 1727 2240 1819 .95

2131 2121 2239 2177 100

2133 2514 2239 2570 105

2129 2907 2241 2965 110

2137 3299 2244 3357 [15

2142 3684 2262 3738 120·
