2613 4161
354 256 437 317 88
994 252 1060 302 n.
1092 251 1143 302 s.
1175 250 1329 302 ων.
1363 250 1508 303 εΑτ.
1541 250 1693 302 xvr.

356 394 465 452 Ast
493 393 625 465 illis,
651 410 794 469 quos
820 411 981 451 arma
1005 401 1228 468 tegunt,
1254 403 1317 451 et
1341 392 1564 450 balteus
1589 391 1788 465 ambit,

353 472 531 533 Quod
557 473 830 549 placitum
858 482 946 529 est
975 471 1131 547 ipsis,
1158 483 1456 547 praestatur
1482 482 1708 547 tempus
1733 470 1964 549 agendi,

355 550 486 607 Neo
512 570 602 607 res
628 551 885 607 atteritur
912 550 1085 625 longo
1113 550 1431 606 sufflamine
1458 550 1589 607 litis.
2261 552 2344 610 50

436 629 585 686 Solis
614 640 889 704 praeterea
915 627 1160 686 testandi
1189 627 1463 684 militibus
1483 627 1598 702 jus,

355 706 504 762 Vivo
529 719 707 782 patre,
738 707 904 762 datur
929 724 943 762 ε
987 724 1141 775 nam,
1169 724 1296 779 quae
1325 717 1457 761 sunt
1483 716 1644 780 parta
1670 704 1862 763 labore

356 782 602 854 Militiae,
631 784 844 859 placuit
872 802 985 840 non
1019 802 1144 841 esse
1177 783 1235 839 in
1265 802 1501 858 corpore
1523 782 1754 853 census,

354 861 546 918 Omne
574 873 731 918 tenet
758 861 924 934 eujus
950 862 1206 936 regimen
1234 872 1412 937 pater.
1494 859 1650 937 Ergc⁸1
1680 860 1993 934 Coranum,

356 940 662 1014 Signorum
688 939 974 1009 comitem,
1001 949 1424 1012 castrorumque
1452 957 1567 996 aera
1592 950 1926 1010 merentem,
2256 942 2341 998 55

353 1016 637 1077 Quamvis
658 1017 775 1092 jam
804 1016 1098 1087 tremulus,
1120 1028 1309 1090 captat
1337 1029 1512 1091 pater.
1595 1016 1772 1073 Hune
1798 1016 1954 1075 labor
1982 1035 2179 1092 aequus

315 1123 320 1126 ·
355 1093 641 1164 Provehit,
663 1106 721 1151 et
743 1095 982 1170 pulchro
1008 1095 1194 1151 reddit
1217 1113 1324 1151 sua
1343 1095 1495 1151 dona
1519 1094 1715 1152 labori.
2132 1088 2147 1095 ’

355 1170 547 1247 Ipsius
574 1170 731 1229 cert&
761 1172 925 1229 ducis
952 1173 1061 1230 hoc
1088 1172 1297 1229 referre
1319 1171 1561 1243 videtur,

355 1248 453 1321 Ut,
480 1251 574 1325 qui
605 1250 763 1308 sortis
788 1251 915 1322 erit,
943 1251 1018 1307 sit
1044 1250 1404 1307 felicissimus
1425 1250 1599 1322 idem,

357 1326 436 1384 Ut
458 1327 573 1385 laeti
599 1328 846 1405 phaleris
870 1346 1096 1401 omnes,
1121 1338 1181 1385 et
1204 1327 1500 1404 torquibus
1518 1345 1738 1387 omues
2253 1328 2339 1386 60
