2613 4161
1153 203 1404 250 SATIRA
1439 203 1559 250 vn.

346 340 542 400 Nosse
572 342 745 401 velint
771 361 992 413 omnes,
1022 344 1349 400 mercedem
1378 344 1594 401 solvere
1622 363 1810 401 nemo.

345 420 680 478 Mercedem
709 422 993 496 appellas?
1033 422 1170 497 quid
1199 422 1356 478 enim
1385 423 1543 479 scio'l
1624 422 1811 498 Culpa
1838 422 2097 481 docentis

347 500 586 557 Scilicet
613 501 887 575 arguitur,
919 498 1072 575 quod
1099 499 1243 556 laeva
1270 500 1331 557 in
1359 512 1517 575 parte
1546 501 1813 558 mamillae

346 577 449 634 Nil
480 579 609 635 salit
637 579 925 635 Arcadico
945 578 1162 654 juveni,
1192 578 1357 654 cujus
1386 579 1528 635 mihi
1556 580 1720 636 sexta

343 656 598 731 Quaque
627 658 720 714 die
748 658 1016 714 miserum
1043 658 1201 714 dirus
1223 668 1395 733 caput
1422 657 1720 715 Hannibal
1747 657 1944 733 implet
1959 677 1977 728 ;

343 735 647 809 Quidquid
675 736 734 792 id
761 746 868 807 est,
898 736 969 793 de
996 755 1107 810 quo
1133 736 1430 807 deliberat,
1459 756 1532 793 an
1559 747 1715 812 petat
1741 736 1958 794 Urbem

347 814 404 868 A
436 813 675 886 CanniS,
704 833 778 871 an
806 825 932 890 post
957 815 1181 872 nimbos
1207 825 1267 871 et
1295 814 1533 872 fulmina
1561 825 1765 872 cautus

347 891 693 968 Cicumagat
719 893 978 949 madidas
1006 912 1039 949 a
1066 903 1400 969 tempestate
1429 894 1707 950 cohortes,

344 967 649 1030 Quantum
678 973 762 1028 vis
790 971 1083 1046 stipulare,
1112 981 1170 1028 et
1194 982 1466 1046 protenus
1493 971 1710 1046 accipe,
1739 971 1890 1046 quod
1917 971 2012 1046 do,

346 1048 424 1105 Ut
451 1049 617 1106 toties
644 1050 804 1108 illum
830 1060 989 1125 pater
1017 1050 1230 1107 audiat.
1313 1049 1461 1106 Haec
1490 1050 1585 1106 alii
1613 1069 1715 1107 sex

349 1127 456 1183 Vel
486 1128 677 1202 plures
704 1148 819 1186 uno
842 1129 1206 1185 conclamant
1232 1147 1329 1185 ore
1359 1127 1643 1203 sophisma,

344 1205 425 1262 Et
452 1225 611 1263 veras
640 1208 854 1283 agitant
880 1206 1027 1280 lites,
1055 1218 1277 1282 raptore
1303 1207 1536 1276 relicto;

345 1284 504 1342 Fusa
530 1304 750 1343 venena
777 1286 964 1357 silent,
993 1286 1176 1342 malus
1203 1284 1571 1361 ingratusque
1598 1285 1857 1360 marituS,

343 1363 424 1420 Et
449 1381 575 1437 quae
599 1363 717 1438 jam
740 1375 954 1421 veteres
981 1374 1186 1421 sanant
1211 1364 1479 1421 mortaria
1506 1382 1705 1427 caecOS.

343 1439 504 1517 Ergo
534 1443 642 1499 sibi
671 1443 826 1500 dabit
853 1442 971 1518 ipse
999 1444 1221 1513 rudem,
1251 1442 1298 1499 si
1326 1444 1853 1502 nostra-movebunt

345 1520 622 1593 Consilia,
650 1532 708 1578 et
734 1521 861 1579 vitae
892 1522 1176 1579 diversum
1208 1522 1314 1578 iter
1343 1521 1714 1597 ingredietur,

343 1599 444 1654 Ad
472 1618 723 1675 pugnam
748 1601 846 1675 qui
873 1600 1155 1658 rhetorica
1183 1600 1480 1657 descendit
1507 1600 1579 1656 ab
1607 1599 1827 1672 umbra,

345 1678 647 1736 Summula
675 1699 747 1736 ne
777 1690 988 1754 pereat,
1016 1678 1129 1754 qua
1158 1678 1283 1735 vilis
1311 1689 1522 1735 tessera
1551 1679 1707 1736 venit
1921 1678 1930 1681 ’

344 1755 679 1815 Frumenti:
722 1758 929 1832 quippe
958 1758 1082 1814 haec
1114 1775 1334 1812 merces
1361 1757 1691 1813 lautissima.
1774 1757 1988 1830 Tema,

344 1835 759 1912 Chrysogonus
785 1835 983 1910 quanti
1011 1836 1234 1905 doceat,
1250 1834 1350 1890 'vel
1378 1834 1558 1891 Pollio
1588 1835 1786 1908 quanti

344 1912 657 1971 Lautorum
686 1934 911 1990 puerOS,
941 1925 1120 1970 artem
1149 1913 1421 1970 scindens
1448 1912 1758 1970 Theodori.

345 1991 564 2050 Balnea
586 1993 893 2065 sexcentiS,
922 2004 980 2050 et
1005 1992 1183 2067 pluris
1209 1991 1479 2068 porticuS,
1509 1990 1569 2047 in
1597 1992 1711 2065 quii

342 2071 613 2129 Gestetur
641 2072 924 2144 dominus,
952 2071 1173 2148 quoties
1198 2072 1358 2148 pluit.
1442 2071 1618 2128 Anne
1647 2089 1916 2128 serenum

346 2149 674 2226 Exspectet,
703 2163 1040 2228 spargatque
1066 2151 1185 2209 luto
1221 2152 1482 2227 jumenta
1509 2151 1773 2207 recentl'l

349 2227 465 2286 Hic
492 2227 681 2305 potius
704 2250 717 2287 t
759 2249 1005 2304 namque
1033 2228 1131 2287 hic
1158 2230 1389 2286 mundae
1416 2230 1562 2286 nitet
1589 2229 1807 2303 ungula
1832 2227 2003 2285 mulae

345 2307 514 2365 Parte
542 2308 656 2365 alia
682 2309 866 2384 longis
893 2308 1277 2366 Numidarum
1308 2308 1447 2364 fulta
1473 2307 1756 2364 columnis

347 2386 575 2461 Surgat,
605 2398 662 2444 et
689 2388 974 2463 algentem
1000 2387 1182 2462 rapiat
1209 2386 1455 2444 coenatio
1482 2385 1675 2442 solem.

345 2465 801 2541 Quanticunque
829 2467 1051 2537 domus,
1074 2467 1284 2537 veniet,
1313 2465 1410 2539 qui
1440 2464 1655 2521 fercula
1682 2460 1850 2521 docte

344 2543 697 2618 Componat3
739 2546 948 2617 veniet,
974 2546 1071 2620 qui
1100 2544 1480 2621 pulmentaria
1506 2544 1733 2601 condat.

346 2621 472 2678 Hos
503 2623 647 2680 inter
676 2635 933 2699 sumptus
954 2624 1212 2681 sestertia
1237 2622 1622 2694 Quintiliano,

343 2700 422 2757 Ut
448 2701 710 2774 multum,
739 2702 853 2759 duo
880 2703 1179 2760 sufficient.
1263 2703 1389 2760 Res
1417 2702 1573 2758 nulla
1613 2699 1848 2757 minoris

343 2779 649 2837 Constabit
674 2781 838 2855 patri,
866 2779 1038 2856 quam
1067 2782 1233 2838 filius.
1317 2781 1486 2839 Unde
1514 2796 1686 2855 1g1tur
1713 2788 1796 2836 tot

340 2858 741 2918 Quintilianus
768 2861 940 2916 habet
967 2860 1184 2917 saltus?
1266 2859 1547 2933 Exempla
1574 2877 1846 2916 novorum

342 2936 618 2994 Fatorum
646 2937 822 2995 transi
847 2957 860 2995 ε
904 2939 1055 3011 felix,
1084 2951 1142 2996 et
1167 2939 1426 3013 pulcher,
1454 2948 1513 2994 et
1539 2956 1670 2995 acer
1692 2956 1708 3006 ;

341 3014 528 3085 Felix,
558 3027 617 3073 et
643 3016 889 3091 sapiens,
917 3028 975 3074 et
1002 3018 1228 3088 nobilis,
1257 3028 1315 3074 et
1340 3035 1650 3092 generosus

341 3093 681 3167 Appositam
710 3095 890 3170 nigrae
918 3097 1114 3153 lunam
1142 3095 1392 3152 subtexit
1419 3095 1586 3151 alutae
1613 3113 1626 3150 ε

341 3170 526 3243 Felix,
555 3185 740 3230 orator
767 3193 988 3248 quoque
1017 3174 1298 3231 maximus
1325 3183 1384 3230 et
1404 3172 1714 3248 jaculator3

340 3248 435 3320 Et,
464 3250 512 3306 si
540 3251 816 3326 perfrixit,
846 3263 1041 3310 cantat
1071 3253 1233 3310 bene.
1318 3251 1509 3308 Distat
1535 3251 1713 3321 enirn,
1742 3267 1870 3325 quae

332 3327 547 3385 Sidera
573 3340 628 3386 te
656 3330 945 3406 excipiant
974 3328 1143 3389 modo
1170 3331 1383 3406 primos
1410 3330 1782 3405 incipientem

338 3404 529 3464 Edere
555 3408 797 3484 vagituS‚
818 3421 876 3467 et
903 3410 1093 3467 adhuc
1120 3431 1154 3469 a
1180 3422 1359 3468 matre
1386 3409 1704 3466 rubentem.

340 3484 407 3540 Si
435 3484 692 3545 Fortuna
719 3488 884 3560 volet,
914 3489 1017 3545 fies
1045 3490 1116 3546 de
1145 3490 1369 3546 rhetore
1398 3486 1600 3543 consul
1623 3503 1637 3540 :

340 3563 404 3617 Si
433 3563 582 3621 volet
611 3566 734 3622 haec
762 3567 984 3637 eadem,
1013 3567 1116 3623 fies
1144 3569 1216 3623 de
1245 3564 1480 3621 consule
1510 3564 1714 3619 rhetor.

337 3640 648 3699 Ventidius
668 3645 803 3718 quid
832 3645 1033 3701 enim?
1073 3646 1209 3719 quid
1240 3642 1511 3699 Tullius?
1554 3660 1702 3698 anne
1731 3642 1906 3715 aliud,
1937 3639 2107 3718 quam

338 3720 534 3793 Sidus,
562 3732 622 3779 et
646 3722 859 3856 occult}
877 3723 1146 3833 ffiranda
1171 3720 1425 3798 potentia
1453 3720 1596 3778 sati?

2252 205 2326 264 41

2216 580 2329 638 160

2216 973 2331 1030 165

2217 1360 2332 1423 170

2108 1839 2113 1843 .
2216 1756 2331 1814 175

2212 2150 2328 2209 180

2212 2543 2327 2601 185

2211 2934 2325 2992 190

2210 3327 2324 3387 195

2202 3712 2323 3770 200
