2613 4161
366 289 447 348 ⁴18
994 289 1060 335 D.
1094 289 1291 336 JUNII
1325 288 1722 337 JUVENALIS

366 428 612 488 Electrae
637 430 837 520 jugulo
864 448 925 487 se
952 430 1173 506 polluit,
1196 442 1295 488 aut
1325 430 1589 506 Spartani

366 509 664 584 Sanguine
692 509 965 585 conjugii,
996 509 1168 566 nullis
1196 510 1423 567 aconita
1451 510 1782 584 propinquis

365 586 624 658 Miscuit,
654 587 713 644 in
742 606 917 644 scena
938 607 1236 677 ’nunquam
1267 589 1517 645 cantavit
1544 590 1797 645 Orestes,

364 666 580 723 Troica
608 685 724 723 non
753 667 993 741 scripsit.
1075 666 1238 726 Quid
1268 666 1422 722 enim
1452 665 1767 741 Verginius
1795 665 1965 723 armis

363 743 579 803 Debuit
606 744 808 801 ulcisci
841 742 1045 819 magiS,
1075 755 1173 801 aut
1200 764 1335 801 cum
1364 745 1613 801 Vindice
1641 745 1866 802 Galba?

361 822 525 883 Quid
555 823 713 880 Nero
739 834 856 879 tam
886 824 1037 879 saeva
1066 823 1359 896 crudaque
1388 823 1688 913 tyrannide
1719 824 1893 880 fecit'l

363 901 511 958 Haec
537 921 729 978 opera,
758 913 925 975 atque
954 901 1042 957 hae
1071 911 1205 957 sunt
1231 902 1494 976 generosi
1524 902 1808 977 Principis
1831 913 1997 973 arteS,

361 980 679 1037 Gaudentis
709 981 859 1036 foedo
884 980 1184 1055 peregrina
1211 981 1281 1035 ad
1312 979 1528 1055 pulpita
1556 981 1702 1038 saltu

360 1057 650 1131 Prostitui,
678 1059 980 1133 Graiaeque
1010 1058 1200 1133 apium
1230 1059 1506 1115 meruisse
1530 1078 1772 1116 comme,

360 1135 645 1212 Majorum
673 1137 890 1211 effigies
921 1136 1212 1193 habeant
1198 1137 1446 1211 insignia
1474 1138 1666 1194 vocis:

360 1215 517 1273 Ante
544 1216 720 1289 pedes
747 1213 963 1271 Domiti
991 1216 1226 1289 longum
1254 1226 1316 1271 tu
1350 1236 1500 1291 pone
1528 1217 1799 1291 Thyestae

361 1294 564 1368 Syrma
592 1292 678 1349 vel
706 1293 1033 1367 Antigonae,
1064 1313 1165 1350 seu
1192 1312 1494 1367 personam
1523 1293 1904 1371 MenalippeS,

358 1370 436 1428 Et
464 1372 536 1428 de
562 1390 879 1429 marmoreo
907 1371 1184 1428 citharam
1212 1374 1496 1448 suspende
1525 1374 1761 1431 colosso.

356 1449 541 1522 Quid,
571 1448 842 1521 Catilina,
868 1449 984 1506 tuis
1006 1451 1310 1522 natalibuS,
1338 1462 1507 1525 atque
1534 1452 1801 1527 Cethegi,

358 1527 621 1586 Inveniet
647 1527 943 1603 quisquam
972 1529 1315 1586 sublimius?
1359 1530 1541 1587 Arma
1568 1541 1758 1587 tamen
1788 1550 1887 1588 vos

357 1605 663 1672 Nocturna
687 1618 746 1664 et
773 1606 1030 1663 flammas
1058 1608 1323 1664 domibus
1348 1608 1687 1697 templisque
1713 1608 1975 1685 parastis,

356 1684 435 1743 Ut
462 1682 832 1743 Bracatorum
859 1686 1042 1760 pueri,
1074 1687 1484 1760 Senonumque
1511 1686 1781 1759 minoreS‚

356 1764 526 1836 Ausi,
552 1766 703 1839 quod
730 1764 900 1821 liceat
926 1764 1123 1821 tunica
1149 1765 1354 1840 punire
1381 1766 1635 1822 molesta.

357 1843 475 1905 Sed
503 1843 697 1920 vigilat
724 1842 963 1913 Consul,
978 1837 1308 1918 vexillaque
1338 1855 1520 1900 vestra
1541 1847 1789 1901 coercet.

355 1921 475 1979 Hic
501 1942 681 1980 novus
709 1922 978 1998 Arpinas,
1007 1922 1295 1998 ignobilis,
1325 1932 1384 1978 et
1412 1920 1582 1980 modo
1610 1923 1818 1980 Romae

355 1998 725 2077 Municipalis
752 2000 964 2076 EqueS,
985 2001 1274 2076 galeatum
1301 2000 1461 2074 ponit
1488 2001 1698 2074 ubique

354 2078 693 2139 P·aesidium
722 2079 994 2152 attonitiS,
1022 2091 1080 2137 et
1108 2080 1167 2136 in
1194 2078 1351 2137 omni
1379 2091 1549 2154 gente
1577 2080 1812 2139 laborat.

354 2157 616 2215 Tantum
644 2159 816 2234 igitur
843 2175 1037 2215 muros
1064 2159 1213 2215 intra
1240 2169 1372 2232 toga
1399 2160 1640 2216 contulit
1668 2159 1748 2216 illi

353 2235 621 2295 Nominis
647 2249 705 2295 et
732 2237 902 2308 tituli,
931 2248 1202 2312 quantum
1233 2255 1349 2292 non
1377 2235 1666 2310 Leucade,
1693 2250 1971 2314 quantum

353 2315 669 2374 Thessaliae
696 2317 913 2392 campis
939 2315 1214 2374 Octavius
1242 2315 1473 2372 abstulit
1502 2317 1615 2373 udo

351 2394 627 2453 Caedibus
654 2395 897 2452 assiduis
917 2395 1123 2471 gladio.
1210 2394 1327 2451 Sed
1358 2394 1550 2451 Roma
1576 2407 1893 2470 parentem,

350 2472 542 2530 Roma
561 2485 779 2549 patrem
807 2476 1002 2548 patriae
1032 2473 1375 2531 Ciceronem
1405 2473 1581 2530 libera
1609 2473 1767 2532 dixit.

350 2551 601 2626 Arpinas
621 2551 765 2609 alius
791 2552 1129 2609 Volscorum
1180 2552 1239 2608 in
1267 2562 1458 2608 monte
1486 2552 1701 2609 solebat

348 2627 592 2687 Poscere
620 2630 913 2686 mercedes
934 2631 1120 2688 alieno
1146 2629 1328 2705 Lassus
1356 2641 1560 2701 aratro,

186 2699 207 2744 τ’
246 2717 249 2718 ’
347 2705 641 2764 Nodosam
662 2719 789 2783 post
810 2708 934 2766 haec
962 2709 1255 2783 frangebat
1277 2707 1486 2765 vertice
1515 2709 1706 2781 vitem,

347 2785 411 2841 Si
438 2785 626 2843 lentus
650 2786 811 2863 pigra
839 2789 1087 2846 muniret
1114 2799 1303 2845 castra
1331 2786 1578 2843 dolabra.

346 2863 465 2920 Hic
492 2877 682 2923 tamen
709 2876 769 2925 ct
796 2866 1058 2923 Cimbros
1085 2877 1143 2923 et
1170 2885 1391 2922 summa
1417 2865 1668 2940 pericula
1695 2885 1886 2926 rerum

343 2942 593 3019 Excipit,
621 2956 680 3002 et
706 2944 858 3001 solus
886 2946 1260 3020 trepidantem
1288 2943 1530 3019 protegit
1558 2943 1788 3002 Urbem.

343 3023 534 3097 Atque
561 3023 713 3093 ideo,
742 3034 1037 3098 postquam
1065 3023 1136 3080 ad
1166 3023 1430 3079 Cimbros
1458 3033 1816 3097 stragemque
1844 3023 2131 3097 volabant,

341 3100 465 3161 Qui
493 3120 784 3177 nunquam
806 3102 1108 3176 attigerant
1135 3101 1346 3177 majora
1375 3101 1673 3172 cadavera,
1702 3101 1878 3173 corvi,

340 3179 574 3238 Nobilis
600 3190 831 3239 ornatur
858 3179 1015 3238 lauro
1044 3180 1262 3254 collega
1288 3179 1562 3236 secunda.

339 3257 585 3316 Plebeiae
614 3259 924 3317 Deciorum
952 3259 1175 3329 animae,
1202 3258 1425 3333 plebeia
1455 3258 1683 3314 fuerunt

339 3335 625 3394 Nomina:
666 3357 768 3413 pro
795 3338 925 3395 totis
946 3337 1266 3413 legionibus
1294 3336 1353 3392 hi
1381 3347 1592 3406 tamen,
1615 3345 1673 3393 et
1697 3356 1802 3413 pro

338 3414 626 3471 Omnibus
654 3416 897 3489 auxiliiS,
926 3427 1093 3489 atque
1120 3415 1276 3472 omni
1303 3415 1455 3488 pube
1484 3413 1716 3487 Latina,

340 3493 648 3550 Sufficiunt
677 3493 767 3550 dis
809 3495 1046 3551 infernis
1074 3493 1384 3567 Terraeque
1411 3493 1635 3566 parenti
1661 3512 1676 3551 z

337 3569 523 3627 Pluris
551 3571 705 3627 enim
734 3570 920 3644 Decii,
943 3570 1115 3646 quam
1136 3590 1261 3647 quae
1289 3582 1582 3628 servantur
1610 3573 1682 3628 ab
1710 3572 1839 3630 illis.

338 3647 573 3706 Ancilla
602 3660 770 3705 natus
797 3651 1072 3721 trabeam,
1100 3662 1157 3708 et
1185 3651 1449 3707 diadema
1474 3650 1731 3722 Quirini,

336 3723 413 3783 Et
441 3727 621 3783 fasces
648 3727 854 3783 meruit
880 3746 1077 3800 regum
1101 3729 1336 3785 ultimus
1363 3729 1456 3786 ille
1484 3730 1778 3786 bonorum.

337 3801 566 3860 Prodita
590 3803 856 3859 laxabant
880 3813 1168 3876 portarum
1195 3807 1441 3864 claustra
1465 3806 1724 3881 tyrannis

2211 1768 2340 1828 235

2210 2161 2336 2220 240

2198 2944 2324 3004 25⁰
