2613 4161
1141 217 1390 265 SATIRA
1417 219 1493 266 X.

335 356 545 417 Quum
572 356 798 415 Gaetula
824 359 1031 415 ducem
1057 369 1308 434 portaret
1336 359 1524 417 bellua
1549 359 1804 419 luscum!

337 435 549 493 Exitus
575 434 716 511 ergo
744 437 870 510 quis
891 439 1017 494 est'l
1059 436 1115 493 O
1143 439 1353 512 gloria!
1400 439 1644 496 vincitur
1672 440 1823 497 idem

237 575 245 581 ,
338 515 590 589 Nempe,
619 526 677 571 et
704 515 762 571 in
791 515 1049 571 exsilium
1078 534 1333 590 praeceps
1364 517 1525 591 fugit,
1557 526 1723 607 atque
1752 519 1830 576 ibi
1858 537 2101 594 magnus

338 592 754 667 Mirandusque
782 593 962 649 cliens
990 593 1148 650 sedet
1176 594 1246 649 ad
1270 596 1532 669 praetoria
1559 598 1728 671 regiS,

339 671 546 728 Donec
568 672 819 745 Bithyno
846 671 1019 728 libeat
1048 672 1279 746 vigilare
1310 685 1566 747 tyranno

339 749 547 805 Finem
577 751 801 821 animae,
831 767 954 824 quae
985 769 1074 806 res
1102 751 1381 807 humanas
1409 751 1637 809 miscuit
1662 751 1818 824 olim,

337 826 479 883 Non
507 829 699 902 gladii,
729 847 843 884 non
873 847 1008 884 saxa
1035 828 1272 899 dabunt,
1302 849 1412 886 nec
1440 831 1586 898 tela;
1628 831 1729 886 sed
1758 830 1852 887 ille

337 905 671 962 Cannarum
703 907 930 976 vindex,
963 924 1032 961 ac
1060 906 1200 962 tanti
1231 908 1528 982 sanguinis
1555 908 1723 979 ultor,

337 984 626 1041 Annulus,
711 984 760 1054 Ι,
791 985 1048 1055 demens,
1078 995 1136 1040 et
1163 1003 1342 1042 saevas
1369 1004 1534 1042 curre
1561 1005 1661 1062 per
1688 985 1888 1061 AlpeS,

335 1062 417 1121 Ut
444 1063 634 1137 pueris
660 1063 909 1138 placeaS,
939 1072 997 1118 et
1025 1063 1366 1121 declamatio
1392 1063 1527 1120 fias!

336 1140 503 1196 Unus
531 1140 739 1197 Pellaeo
761 1139 958 1215 juveni
987 1160 1103 1198 non
1133 1142 1342 1199 sufficit
1366 1142 1520 1199 orbis
1544 1160 1557 1198 ε

338 1219 571 1275 AEstuat
599 1218 799 1275 infelix
826 1230 1067 1294 angusto
1093 1219 1274 1276 limite
1301 1220 1523 1293 mundi,

338 1295 417 1354 Ut
443 1298 647 1372 Gyarae
675 1297 904 1353 clausus
930 1297 1195 1372 scopuli8‚
1224 1298 1508 1374 parvaque
1538 1297 1798 1374 Seripho·

333 1375 540 1436 Quum
570 1387 762 1445 tamen
791 1395 825 1433 a
853 1375 1038 1451 figulis
1066 1377 1347 1434 munitam
1373 1377 1664 1435 intraverit
1699 1377 1919 1450 urbem,

338 1452 704 1530 Sarcophago
731 1464 1032 1511 contentus
1058 1456 1182 1512 erit.
1267 1455 1425 1513 Mors
1452 1456 1570 1513 sola
1597 1455 1820 1527 fatetur,

333 1531 640 1592 Quantula
666 1532 780 1590 sint
807 1532 1104 1589 hominum
1127 1535 1480 1608 corpuscula.
1566 1533 1834 1590 Creditur
1859 1533 1997 1591 olim

336 1610 675 1668 Velificatus
703 1612 909 1683 Athos,
937 1622 995 1668 et
1021 1611 1295 1686 quidquid
1324 1613 1550 1669 Graecia
1578 1611 1827 1668 inendax

336 1689 575 1745 Audet
561 1709 621 1746 m
650 1689 919 1746 historia:
961 1700 1312 1746 constratum
1338 1690 1614 1748 classibus
1639 1688 1845 1761 isdem,

338 1767 820 1842 Suppositumquc
849 1767 987 1824 rotis
1016 1767 1257 1824 solidum
1286 1787 1482 1824 mare.
1525 1768 1811 1825 credimus
1837 1765 1981 1851 altos

337 1844 639 1902 Defecisse
669 1864 888 1915 amneS,
918 1855 1194 1919 epotaque
1224 1843 1462 1902 flumina
1488 1844 1666 1902 Medo

338 1922 688 1996 Prandente,
717 1934 776 1980 et
803 1923 1049 1979 madidis
1076 1933 1270 1980 cantat
1306 1942 1433 1996 quae
1464 1924 1751 1979 Sostratus
1779 1921 1900 1979 alis.

339 2000 448 2060 Ille
477 2011 668 2059 tamen
697 2002 883 2076 qualis
916 2001 1084 2058 rediit
1113 2001 1402 2058 Salamine
1424 2001 1643 2074 relicta,

341 2078 410 2137 In
441 2080 655 2138 Corum
682 2092 848 2154 atque
870 2079 1090 2137 Eurum
1118 2079 1316 2137 solitus
1343 2082 1544 2138 saevire·
1566 2078 1803 2157 flagellis

341 2157 647 2231 Barbarus,
677 2158 867 2216 AEolio
894 2178 1189 2232 nunquam
1217 2159 1371 2216 hoc
1356 2179 1415 2216 ιιι
1445 2178 1674 2217 carcere
1700 2178 1918 2235 passm,

341 2236 538 2312 Ipsum
566 2238 949 2332 compedibus
965 2238 1061 2310 qui
1089 2238 1346 2294 vinxerat
1373 2237 1827 2313 Ennosigaeum'l

340 2314 583 2372 Mitius
569 2313 627 2371 id
656 2334 818 2386 sane,
844 2312 999 2389 quod
1027 2334 1142 2371 non
1170 2325 1228 2371 et
1254 2316 1519 2391 stigmate
1549 2316 1787 2391 dignum

338 2393 617 2450 Credidit.
701 2392 858 2449 Huic
885 2393 1180 2468 quisquam
1210 2394 1380 2450 vellet
1406 2393 1614 2450 servire
1643 2394 1920 2450 deorum'l

340 2473 459 2529 Sed
486 2471 666 2545 qualis
693 2472 898 2528 rediit'l
940 2490 1146 2547 nempe
1176 2473 1292 2528 una
1321 2491 1483 2542 nave,
1513 2471 1765 2529 cruentis
1865 2527 1880 2535 a„

337 2549 661 2621 Fluctibus,
691 2568 759 2606 ac
785 2549 949 2606 tarda
974 2569 1075 2625 per
1104 2550 1284 2607 densa
1312 2551 1589 2607 cadavera
1613 2549 1799 2626 prora.

339 2627 470 2685 Has
495 2628 662 2685 toties
687 2638 880 2703 optata
905 2628 1097 2702 exegit
1122 2627 1304 2703 gloria
1330 2647 1546 2704 poenas,

419 2705 513 2763 Da
539 2706 781 2781 spatium
808 2705 956 2777 vitae,
984 2706 1191 2764 multos
1217 2706 1311 2778 da,
1342 2707 1582 2782 Jupiter,
1610 2707 1822 2765 annos!

347 2784 473 2841 Hoc
501 2796 659 2857 recto
687 2784 842 2841 vultu
872 2751 1077 2856 solum,
1108 2785 1217 2842 hoc
1244 2795 1303 2842 et
1328 2785 1571 2861 pallidus
1598 2796 1776 2861 optas,

343 2863 460 2919 Sed
485 2860 659 2937 quam
688 2862 975 2919 continuis
1001 2873 1060 2919 et
1085 2864 1311 2937 quantis
1336 2865 1508 2940 longa
1535 2876 1803 2922 senectus

342 2941 522 2997 Plena
542 2941 745 2997 malis‘l
785 2939 1115 2998 Deformem
1143 2952 1202 2998 et
1227 2952 1435 2999 tetrum
1464 2953 1596 2999 ante
1621 2943 1818 3001 omnia
1842 2941 2080 3014 vultum,

342 3019 805 3093 Dissimilemque
834 3018 942 3089 sui,
971 3019 1283 3076 deformem
1312 3040 1413 3096 pro
1440 3033 1571 3078 cute
1597 3021 1825 3098 pellem,

343 3097 777 3171 Pendentesqu'e
805 3115 1002 3171 genas,
1031 3107 1089 3153 et
1114 3098 1256 3154 tales
1285 3099 1516 3173 adspice
1543 3118 1735 3175 ruga8‚

340 3175 584 3246 Quales,
615 3175 948 3232 umbriferos
975 3175 1073 3231 ubi
1101 3177 1300 3251 pandit
1329 3177 1597 3235 Tabraca
1621 3178 1816 3250 saltuS,

343 3252 414 3308 In
444 3253 629 3310 vetula
657 3253 902 3341 scalpit
881 3272 998 3329 Jam
1027 3265 1206 3311 mater
1233 3255 1399 3313 simia
1426 3256 1627 3313 bucca.

344 3331 595 3389 Plurima
622 3343 754 3389 sunt
776 3332 1050 3407 juvenum
1079 3333 1444 3392 discrimina:
1484 3335 1773 3410 pulchrior
1802 3334 1896 3392 ille

347 3411 496 3482 Hoc,
525 3423 690 3486 atque
719 3410 812 3467 ille
841 3411 984 3479 alio;
1028 3409 1268 3469 multum
1297 3414 1393 3470 hic
1419 3414 1697 3470 robustior
1725 3412 1840 3469 illo.

348 3487 395 3545 U
400 3507 475 3544 na
503 3508 704 3545 senum
733 3489 927 3561 facieS,
956 3507 1089 3546 cum
1118 3509 1255 3547 voce
1281 3490 1586 3547 trementia
1611 3491 1867 3549 membra

344 3566 462 3624 Et
441 3586 559 3641 jam
588 3568 712 3624 leve
739 3578 929 3643 caput,
958 3568 1283 3642 madidique
1315 3568 1555 3624 infantia
1582 3569 1725 3627 nasi.

343 3645 727 3721 Frangendus
755 3645 962 3702 misero
989 3645 1225 3720 gingiva
1255 3645 1421 3720 panis
1449 3645 1658 3703 inermi
1684 3666 1697 3703 :

345 3723 536 3799 Usque
564 3721 711 3782 adeo
737 3724 924 3800 gravis
952 3724 1132 3794 uxori,
1160 3724 1438 3798 natisque,
1468 3723 1705 3801 sibique,

2241 225 2316 282 57

2206 520 2317 578 160

2205 909 2317 967 165

2202 1300 2316 1357 170

2204 1690 2315 1747 175

2203 2082 2315 2140 180

2202 2472 2314 2530 185

2200 2864 2316 2922 190

2203 3255 2318 3313 195

2201 3644 2324 3703 200
