<?xml version="1.0" encoding="UTF-8"?>
<!DOCTYPE html PUBLIC "-//W3C//DTD XHTML 1.0 Transitional//EN"
    "http://www.w3.org/TR/xhtml1/DTD/xhtml1-transitional.dtd">
<html xmlns="http://www.w3.org/1999/xhtml" xml:lang="en" lang="en">
 <head>
  <title>
</title>
<meta http-equiv="Content-Type" content="text/html;charset=utf-8" />
  <meta name='ocr-system' content='tesseract 3.04.00' />
  <meta name='ocr-capabilities' content='ocr_page ocr_carea ocr_par ocr_line ocrx_word'/>
</head>
<body>
  <div class='ocr_page' id='page_1' title='image "./decimijuniijuve03persgoog_0092.png"; bbox 0 0 2613 4161; ppageno 0'>
   <div class='ocr_carea' id='block_1_1' title="bbox 338 222 1687 303">
    <p class='ocr_par' dir='ltr' id='par_1_1' title="bbox 338 222 1687 303">
     <span class='ocr_line' id='line_1_1' title="bbox 338 222 1687 303; baseline -0.007 -21"><span class='ocrx_word' id='word_1_1' title='bbox 338 235 417 303; x_wconf 56' lang='lat' dir='ltr'><strong>vg</strong></span> <span class='ocrx_word' id='word_1_2' title='bbox 961 222 1027 278; x_wconf 79' lang='lat' dir='ltr'><strong>D.</strong></span> <span class='ocrx_word' id='word_1_3' title='bbox 1060 230 1256 277; x_wconf 85' lang='lat' dir='ltr'><strong>JUNn</strong></span> <span class='ocrx_word' id='word_1_4' title='bbox 1290 229 1687 277; x_wconf 75' lang='lat' dir='ltr'><strong>JUVENALts</strong></span> 
     </span>
    </p>
   </div>
   <div class='ocr_carea' id='block_1_2' title="bbox 281 369 2329 3784">
    <p class='ocr_par' dir='ltr' id='par_1_2' title="bbox 281 369 2329 3784">
     <span class='ocr_line' id='line_1_2' title="bbox 535 369 1670 445; baseline -0.006 -14"><span class='ocrx_word' id='word_1_5' title='bbox 535 374 679 433; x_wconf 85' lang='lat' dir='ltr'><strong>itum</strong></span> <span class='ocrx_word' id='word_1_6' title='bbox 703 372 973 445; x_wconf 59' lang='lat' dir='ltr'><strong>retinere,</strong></span> <span class='ocrx_word' id='word_1_7' title='bbox 998 381 1059 430; x_wconf 89' lang='lat' dir='ltr'><strong>et</strong></span> <span class='ocrx_word' id='word_1_8' title='bbox 1083 371 1344 429; x_wconf 79' lang='lat' dir='ltr'><strong>fraudem</strong></span> <span class='ocrx_word' id='word_1_9' title='bbox 1365 370 1494 444; x_wconf 87' lang='lat' dir='ltr'><strong>jure</strong></span> <span class='ocrx_word' id='word_1_10' title='bbox 1522 369 1670 425; x_wconf 90' lang='lat' dir='ltr'><strong>tueri</strong></span> 
     </span>
     <span class='ocr_line' id='line_1_3' title="bbox 337 447 1838 522; baseline -0.003 -13"><span class='ocrx_word' id='word_1_11' title='bbox 337 451 376 510; x_wconf 85' lang='lat' dir='ltr'>J</span> <span class='ocrx_word' id='word_1_12' title='bbox 380 453 619 512; x_wconf 83' lang='lat' dir='ltr'><strong>urando.</strong></span> <span class='ocrx_word' id='word_1_13' title='bbox 700 451 1019 513; x_wconf 78' lang='lat' dir='ltr'><strong>Quaerebat</strong></span> <span class='ocrx_word' id='word_1_14' title='bbox 1044 450 1220 520; x_wconf 90' lang='lat' dir='ltr'><strong>enim,</strong></span> <span class='ocrx_word' id='word_1_15' title='bbox 1248 467 1375 522; x_wconf 81' lang='lat' dir='ltr'><strong>quae</strong></span> <span class='ocrx_word' id='word_1_16' title='bbox 1404 447 1658 504; x_wconf 88' lang='lat' dir='ltr'><strong>numinis</strong></span> <span class='ocrx_word' id='word_1_17' title='bbox 1685 457 1838 505; x_wconf 87' lang='lat' dir='ltr'><strong>esset</strong></span> 
     </span>
     <span class='ocr_line' id='line_1_4' title="bbox 339 525 1791 602; baseline -0.005 -14"><span class='ocrx_word' id='word_1_18' title='bbox 339 530 530 602; x_wconf 75' lang='lat' dir='ltr'><strong>Mene,</strong></span> <span class='ocrx_word' id='word_1_19' title='bbox 559 540 618 587; x_wconf 89' lang='lat' dir='ltr'><strong>et</strong></span> <span class='ocrx_word' id='word_1_20' title='bbox 644 550 717 587; x_wconf 90' lang='lat' dir='ltr'><strong>an</strong></span> <span class='ocrx_word' id='word_1_21' title='bbox 747 531 855 586; x_wconf 90' lang='lat' dir='ltr'><strong>hoc</strong></span> <span class='ocrx_word' id='word_1_22' title='bbox 884 528 963 585; x_wconf 91' lang='lat' dir='ltr'><strong>illi</strong></span> <span class='ocrx_word' id='word_1_23' title='bbox 993 527 1215 584; x_wconf 88' lang='lat' dir='ltr'><strong>facinus</strong></span> <span class='ocrx_word' id='word_1_24' title='bbox 1243 526 1507 582; x_wconf 84' lang='lat' dir='ltr'><strong>suaderet</strong></span> <span class='ocrx_word' id='word_1_25' title='bbox 1533 525 1791 599; x_wconf 74' lang='lat' dir='ltr'><strong>Apollo&#39;l</strong></span> 
     </span>
     <span class='ocr_line' id='line_1_5' title="bbox 339 604 2043 682; baseline -0.002 -17"><span class='ocrx_word' id='word_1_26' title='bbox 339 607 623 671; x_wconf 75' lang='lat' dir='ltr'><strong>Reddidit</strong></span> <span class='ocrx_word' id='word_1_27' title='bbox 648 604 788 682; x_wconf 73' lang='lat' dir='ltr'><strong>ergo</strong></span> <span class='ocrx_word' id='word_1_28' title='bbox 816 617 993 675; x_wconf 92' lang='lat' dir='ltr'><strong>metu,</strong></span> <span class='ocrx_word' id='word_1_29' title='bbox 1023 624 1141 661; x_wconf 92' lang='lat' dir='ltr'><strong>non</strong></span> <span class='ocrx_word' id='word_1_30' title='bbox 1170 604 1423 660; x_wconf 88' lang='lat' dir='ltr'><strong>moribus</strong></span> <span class='ocrx_word' id='word_1_31' title='bbox 1446 622 1460 670; x_wconf 91' lang='lat'>;</span> <span class='ocrx_word' id='word_1_32' title='bbox 1505 612 1564 658; x_wconf 90' lang='lat' dir='ltr'><strong>et</strong></span> <span class='ocrx_word' id='word_1_33' title='bbox 1590 614 1783 659; x_wconf 85' lang='lat' dir='ltr'><strong>tamen</strong></span> <span class='ocrx_word' id='word_1_34' title='bbox 1811 622 2043 661; x_wconf 88' lang='lat' dir='ltr'><strong>omnem</strong></span> 
     </span>
     <span class='ocr_line' id='line_1_6' title="bbox 281 681 2329 759; baseline -0.003 -16"><span class='ocrx_word' id='word_1_35' title='bbox 281 746 285 751; x_wconf 58' lang='grc'>,</span> <span class='ocrx_word' id='word_1_36' title='bbox 338 686 561 742; x_wconf 89' lang='lat' dir='ltr'><strong>Vocem</strong></span> <span class='ocrx_word' id='word_1_37' title='bbox 590 685 743 758; x_wconf 83' lang='lat' dir='ltr'><strong>adyti</strong></span> <span class='ocrx_word' id='word_1_38' title='bbox 771 684 1005 759; x_wconf 90' lang='lat' dir='ltr'><strong>dignam</strong></span> <span class='ocrx_word' id='word_1_39' title='bbox 1033 682 1243 755; x_wconf 88' lang='lat' dir='ltr'><strong>templo</strong></span> <span class='ocrx_word' id='word_1_40' title='bbox 1272 699 1575 753; x_wconf 88' lang='lat' dir='ltr'><strong>veramque</strong></span> <span class='ocrx_word' id='word_1_41' title='bbox 1603 681 1860 755; x_wconf 88' lang='lat' dir='ltr'><strong>probavit</strong></span> <span class='ocrx_word' id='word_1_42' title='bbox 2203 682 2329 742; x_wconf 82' lang='grc'><strong>205</strong></span> 
     </span>
     <span class='ocr_line' id='line_1_7' title="bbox 338 758 1726 836; baseline -0.004 -16"><span class='ocrx_word' id='word_1_43' title='bbox 338 762 671 820; x_wconf 87' lang='lat' dir='ltr'><strong>Exstinctus</strong></span> <span class='ocrx_word' id='word_1_44' title='bbox 698 762 817 820; x_wconf 68' lang='lat' dir='ltr'><strong>tota</strong></span> <span class='ocrx_word' id='word_1_45' title='bbox 845 762 1051 836; x_wconf 89' lang='lat' dir='ltr'><strong>pariter</strong></span> <span class='ocrx_word' id='word_1_46' title='bbox 1080 778 1213 815; x_wconf 89' lang='lat' dir='ltr'><strong>cum</strong></span> <span class='ocrx_word' id='word_1_47' title='bbox 1240 759 1398 833; x_wconf 89' lang='lat' dir='ltr'><strong>prole</strong></span> <span class='ocrx_word' id='word_1_48' title='bbox 1426 758 1726 831; x_wconf 91' lang='lat' dir='ltr'><strong>domoque,</strong></span> 
     </span>
     <span class='ocr_line' id='line_1_8' title="bbox 338 834 1800 915; baseline -0.003 -18"><span class='ocrx_word' id='word_1_49' title='bbox 338 840 435 911; x_wconf 89' lang='lat' dir='ltr'><strong>Et,</strong></span> <span class='ocrx_word' id='word_1_50' title='bbox 463 839 717 915; x_wconf 89' lang='lat' dir='ltr'><strong>quamvis</strong></span> <span class='ocrx_word' id='word_1_51' title='bbox 742 838 916 913; x_wconf 69' lang='lat' dir='ltr'><strong>longa</strong></span> <span class='ocrx_word' id='word_1_52' title='bbox 944 837 1206 894; x_wconf 91' lang='lat' dir='ltr'><strong>deductis</strong></span> <span class='ocrx_word' id='word_1_53' title='bbox 1234 848 1428 910; x_wconf 91' lang='lat' dir='ltr'><strong>gente,</strong></span> <span class='ocrx_word' id='word_1_54' title='bbox 1456 834 1800 910; x_wconf 65' lang='lat' dir='ltr'><strong>propinquis</strong></span> 
     </span>
     <span class='ocr_line' id='line_1_9' title="bbox 339 913 1669 993; baseline -0.005 -18"><span class='ocrx_word' id='word_1_55' title='bbox 339 918 466 975; x_wconf 87' lang='lat' dir='ltr'><strong>Has</strong></span> <span class='ocrx_word' id='word_1_56' title='bbox 491 918 698 993; x_wconf 86' lang='lat' dir='ltr'><strong>patitur</strong></span> <span class='ocrx_word' id='word_1_57' title='bbox 724 935 923 992; x_wconf 87' lang='lat' dir='ltr'><strong>poenas</strong></span> <span class='ocrx_word' id='word_1_58' title='bbox 948 915 1226 991; x_wconf 87' lang='lat' dir='ltr'><strong>peccandi</strong></span> <span class='ocrx_word' id='word_1_59' title='bbox 1253 914 1374 970; x_wconf 89' lang='lat' dir='ltr'><strong>sola</strong></span> <span class='ocrx_word' id='word_1_60' title='bbox 1394 913 1669 970; x_wconf 85' lang='lat' dir='ltr'><strong>voluntas.</strong></span> 
     </span>
     <span class='ocr_line' id='line_1_10' title="bbox 340 991 1841 1066; baseline -0.005 -13"><span class='ocrx_word' id='word_1_61' title='bbox 340 994 497 1053; x_wconf 89' lang='lat' dir='ltr'><strong>Nam</strong></span> <span class='ocrx_word' id='word_1_62' title='bbox 526 995 713 1052; x_wconf 87' lang='lat' dir='ltr'><strong>scelus</strong></span> <span class='ocrx_word' id='word_1_63' title='bbox 742 994 891 1051; x_wconf 90' lang='lat' dir='ltr'><strong>intra</strong></span> <span class='ocrx_word' id='word_1_64' title='bbox 919 1012 980 1050; x_wconf 89' lang='lat' dir='ltr'><strong>se</strong></span> <span class='ocrx_word' id='word_1_65' title='bbox 1010 992 1247 1051; x_wconf 84' lang='lat' dir='ltr'><strong>tacitum</strong></span> <span class='ocrx_word' id='word_1_66' title='bbox 1275 991 1372 1066; x_wconf 90' lang='lat' dir='ltr'><strong>qui</strong></span> <span class='ocrx_word' id='word_1_67' title='bbox 1402 991 1615 1065; x_wconf 82' lang='lat' dir='ltr'><strong>cogitat</strong></span> <span class='ocrx_word' id='word_1_68' title='bbox 1640 991 1841 1063; x_wconf 90' lang='lat' dir='ltr'><strong>ullum,</strong></span> 
     </span>
     <span class='ocr_line' id='line_1_11' title="bbox 338 1069 2323 1143; baseline -0.001 -14"><span class='ocrx_word' id='word_1_69' title='bbox 338 1072 505 1129; x_wconf 85' lang='lat' dir='ltr'><strong>Facti</strong></span> <span class='ocrx_word' id='word_1_70' title='bbox 532 1072 750 1129; x_wconf 87' lang='lat' dir='ltr'><strong>crimen</strong></span> <span class='ocrx_word' id='word_1_71' title='bbox 778 1072 965 1128; x_wconf 91' lang='lat' dir='ltr'><strong>habet.</strong></span> <span class='ocrx_word' id='word_1_72' title='bbox 1049 1070 1229 1140; x_wconf 86' lang='lat' dir='ltr'><strong>Cedo,</strong></span> <span class='ocrx_word' id='word_1_73' title='bbox 1258 1069 1306 1125; x_wconf 90' lang='lat' dir='ltr'><strong>si</strong></span> <span class='ocrx_word' id='word_1_74' title='bbox 1336 1080 1538 1125; x_wconf 90' lang='lat' dir='ltr'><strong>conata</strong></span> <span class='ocrx_word' id='word_1_75' title='bbox 1566 1069 1828 1143; x_wconf 78' lang='lat' dir='ltr'><strong>peregit‘l</strong></span> <span class='ocrx_word' id='word_1_76' title='bbox 2202 1071 2323 1127; x_wconf 87' lang='grc'><strong>210</strong></span> 
     </span>
     <span class='ocr_line' id='line_1_12' title="bbox 338 1150 1802 1224; baseline -0.003 -17"><span class='ocrx_word' id='word_1_77' title='bbox 338 1150 625 1224; x_wconf 88' lang='lat' dir='ltr'><strong>Perpetua</strong></span> <span class='ocrx_word' id='word_1_78' title='bbox 651 1150 906 1207; x_wconf 83' lang='lat' dir='ltr'><strong>anxietas</strong></span> <span class='ocrx_word' id='word_1_79' title='bbox 933 1167 1044 1206; x_wconf 91' lang='lat' dir='ltr'><strong>nec</strong></span> <span class='ocrx_word' id='word_1_80' title='bbox 1071 1165 1283 1204; x_wconf 82' lang='lat' dir='ltr'><strong>mensae</strong></span> <span class='ocrx_word' id='word_1_81' title='bbox 1313 1158 1565 1220; x_wconf 89' lang='lat' dir='ltr'><strong>tempore</strong></span> <span class='ocrx_word' id='word_1_82' title='bbox 1596 1156 1802 1218; x_wconf 87' lang='lat' dir='ltr'><strong>cessat,</strong></span> 
     </span>
     <span class='ocr_line' id='line_1_13' title="bbox 338 1223 1713 1298; baseline -0.003 -15"><span class='ocrx_word' id='word_1_83' title='bbox 338 1227 628 1284; x_wconf 81' lang='lat' dir='ltr'><strong>Faucibus</strong></span> <span class='ocrx_word' id='word_1_84' title='bbox 656 1239 720 1285; x_wconf 90' lang='lat' dir='ltr'><strong>ut</strong></span> <span class='ocrx_word' id='word_1_85' title='bbox 744 1227 940 1284; x_wconf 91' lang='lat' dir='ltr'><strong>morbo</strong></span> <span class='ocrx_word' id='word_1_86' title='bbox 966 1225 1156 1296; x_wconf 84' lang='lat' dir='ltr'><strong>sicciS,</strong></span> <span class='ocrx_word' id='word_1_87' title='bbox 1185 1225 1442 1298; x_wconf 89' lang='lat' dir='ltr'><strong>interque</strong></span> <span class='ocrx_word' id='word_1_88' title='bbox 1470 1223 1713 1281; x_wconf 82' lang='lat' dir='ltr'><strong>molares</strong></span> 
     </span>
     <span class='ocr_line' id='line_1_14' title="bbox 337 1301 1679 1362; baseline -0.004 0"><span class='ocrx_word' id='word_1_89' title='bbox 337 1304 575 1362; x_wconf 89' lang='lat' dir='ltr'><strong>Difficili</strong></span> <span class='ocrx_word' id='word_1_90' title='bbox 603 1314 897 1362; x_wconf 81' lang='lat' dir='ltr'><strong>crescente</strong></span> <span class='ocrx_word' id='word_1_91' title='bbox 924 1304 1054 1361; x_wconf 91' lang='lat' dir='ltr'><strong>cibo</strong></span> <span class='ocrx_word' id='word_1_92' title='bbox 1080 1321 1093 1358; x_wconf 91' lang='lat'>:</span> <span class='ocrx_word' id='word_1_93' title='bbox 1135 1303 1237 1360; x_wconf 88' lang='lat' dir='ltr'><strong>sed</strong></span> <span class='ocrx_word' id='word_1_94' title='bbox 1264 1302 1399 1358; x_wconf 86' lang='lat' dir='ltr'><strong>vina</strong></span> <span class='ocrx_word' id='word_1_95' title='bbox 1423 1301 1679 1358; x_wconf 88' lang='lat' dir='ltr'><strong>misellus</strong></span> 
     </span>
     <span class='ocr_line' id='line_1_15' title="bbox 337 1379 1670 1456; baseline -0.002 -19"><span class='ocrx_word' id='word_1_96' title='bbox 337 1381 582 1456; x_wconf 82' lang='lat' dir='ltr'><strong>Exspuit</strong></span> <span class='ocrx_word' id='word_1_97' title='bbox 597 1401 614 1450; x_wconf 89' lang='lat'>;</span> <span class='ocrx_word' id='word_1_98' title='bbox 656 1382 871 1438; x_wconf 89' lang='lat' dir='ltr'><strong>Albani</strong></span> <span class='ocrx_word' id='word_1_99' title='bbox 897 1381 1102 1439; x_wconf 86' lang='lat' dir='ltr'><strong>veteris</strong></span> <span class='ocrx_word' id='word_1_100' title='bbox 1128 1379 1376 1455; x_wconf 86' lang='lat' dir='ltr'><strong>pretiosa</strong></span> <span class='ocrx_word' id='word_1_101' title='bbox 1402 1390 1670 1436; x_wconf 89' lang='lat' dir='ltr'><strong>senectus</strong></span> 
     </span>
     <span class='ocr_line' id='line_1_16' title="bbox 338 1456 2321 1535; baseline -0.001 -19"><span class='ocrx_word' id='word_1_102' title='bbox 338 1458 638 1535; x_wconf 89' lang='lat' dir='ltr'><strong>Displicet.</strong></span> <span class='ocrx_word' id='word_1_103' title='bbox 720 1459 1012 1517; x_wconf 71' lang='lat' dir='ltr'><strong>Ostendes</strong></span> <span class='ocrx_word' id='word_1_104' title='bbox 1038 1457 1261 1529; x_wconf 91' lang='lat' dir='ltr'><strong>melius,</strong></span> <span class='ocrx_word' id='word_1_105' title='bbox 1290 1456 1633 1515; x_wconf 86' lang='lat' dir='ltr'><strong>densissima</strong></span> <span class='ocrx_word' id='word_1_106' title='bbox 1659 1476 1803 1532; x_wconf 86' lang='lat' dir='ltr'><strong>ruga</strong></span> <span class='ocrx_word' id='word_1_107' title='bbox 2197 1458 2321 1515; x_wconf 81' lang='grc'><strong>215</strong></span> 
     </span>
     <span class='ocr_line' id='line_1_17' title="bbox 338 1534 1780 1611; baseline -0.001 -18"><span class='ocrx_word' id='word_1_108' title='bbox 338 1536 577 1611; x_wconf 87' lang='lat' dir='ltr'><strong>Cogitur</strong></span> <span class='ocrx_word' id='word_1_109' title='bbox 604 1536 666 1593; x_wconf 91' lang='lat' dir='ltr'><strong>in</strong></span> <span class='ocrx_word' id='word_1_110' title='bbox 693 1536 956 1607; x_wconf 85' lang='lat' dir='ltr'><strong>frontem,</strong></span> <span class='ocrx_word' id='word_1_111' title='bbox 984 1536 1140 1595; x_wconf 88' lang='lat' dir='ltr'><strong>velut</strong></span> <span class='ocrx_word' id='word_1_112' title='bbox 1165 1535 1284 1597; x_wconf 87' lang='lat' dir='ltr'><strong>acri</strong></span> <span class='ocrx_word' id='word_1_113' title='bbox 1314 1536 1490 1591; x_wconf 90' lang='lat' dir='ltr'><strong>ducta</strong></span> <span class='ocrx_word' id='word_1_114' title='bbox 1516 1534 1780 1592; x_wconf 87' lang='lat' dir='ltr'><strong>Falerno.</strong></span> 
     </span>
     <span class='ocr_line' id='line_1_18' title="bbox 336 1612 1760 1687; baseline -0.001 -17"><span class='ocrx_word' id='word_1_115' title='bbox 336 1612 530 1671; x_wconf 90' lang='lat' dir='ltr'><strong>Nocte</strong></span> <span class='ocrx_word' id='word_1_116' title='bbox 557 1614 784 1672; x_wconf 87' lang='lat' dir='ltr'><strong>brevem</strong></span> <span class='ocrx_word' id='word_1_117' title='bbox 812 1614 862 1672; x_wconf 91' lang='lat' dir='ltr'><strong>si</strong></span> <span class='ocrx_word' id='word_1_118' title='bbox 878 1612 1021 1673; x_wconf 75' lang='lat' dir='ltr'><strong>sorte</strong></span> <span class='ocrx_word' id='word_1_119' title='bbox 1053 1613 1290 1673; x_wconf 88' lang='lat' dir='ltr'><strong>indulsit</strong></span> <span class='ocrx_word' id='word_1_120' title='bbox 1318 1631 1458 1670; x_wconf 89' lang='lat' dir='ltr'><strong>cura</strong></span> <span class='ocrx_word' id='word_1_121' title='bbox 1478 1631 1760 1687; x_wconf 90' lang='lat' dir='ltr'><strong>soporem,</strong></span> 
     </span>
     <span class='ocr_line' id='line_1_19' title="bbox 336 1689 1743 1768; baseline -0.001 -20"><span class='ocrx_word' id='word_1_122' title='bbox 336 1689 416 1748; x_wconf 91' lang='lat' dir='ltr'><strong>Et</strong></span> <span class='ocrx_word' id='word_1_123' title='bbox 440 1702 560 1751; x_wconf 85' lang='lat' dir='ltr'><strong>toto</strong></span> <span class='ocrx_word' id='word_1_124' title='bbox 586 1705 810 1750; x_wconf 83' lang='lat' dir='ltr'><strong>versata</strong></span> <span class='ocrx_word' id='word_1_125' title='bbox 835 1703 959 1753; x_wconf 86' lang='lat' dir='ltr'><strong>toro</strong></span> <span class='ocrx_word' id='word_1_126' title='bbox 978 1693 1098 1768; x_wconf 88' lang='lat' dir='ltr'><strong>jam</strong></span> <span class='ocrx_word' id='word_1_127' title='bbox 1126 1692 1384 1749; x_wconf 83' lang='lat' dir='ltr'><strong>membra</strong></span> <span class='ocrx_word' id='word_1_128' title='bbox 1409 1691 1743 1765; x_wconf 85' lang='lat' dir='ltr'><strong>quiescunt3</strong></span> 
     </span>
     <span class='ocr_line' id='line_1_20' title="bbox 336 1767 1712 1846; baseline -0.003 -17"><span class='ocrx_word' id='word_1_129' title='bbox 336 1767 631 1833; x_wconf 70' lang='lat' dir='ltr'><strong>Continuo</strong></span> <span class='ocrx_word' id='word_1_130' title='bbox 658 1769 955 1846; x_wconf 88' lang='lat' dir='ltr'><strong>templum,</strong></span> <span class='ocrx_word' id='word_1_131' title='bbox 980 1780 1042 1829; x_wconf 91' lang='lat' dir='ltr'><strong>et</strong></span> <span class='ocrx_word' id='word_1_132' title='bbox 1066 1768 1255 1831; x_wconf 85' lang='lat' dir='ltr'><strong>violati</strong></span> <span class='ocrx_word' id='word_1_133' title='bbox 1284 1768 1537 1825; x_wconf 91' lang='lat' dir='ltr'><strong>numinis</strong></span> <span class='ocrx_word' id='word_1_134' title='bbox 1564 1787 1712 1839; x_wconf 80' lang='lat' dir='ltr'><strong>araS,</strong></span> 
     </span>
     <span class='ocr_line' id='line_1_21' title="bbox 335 1845 2321 1925; baseline -0.002 -19"><span class='ocrx_word' id='word_1_135' title='bbox 335 1847 433 1922; x_wconf 91' lang='lat' dir='ltr'><strong>Et,</strong></span> <span class='ocrx_word' id='word_1_136' title='bbox 458 1848 610 1924; x_wconf 90' lang='lat' dir='ltr'><strong>quod</strong></span> <span class='ocrx_word' id='word_1_137' title='bbox 635 1849 940 1925; x_wconf 82' lang='lat' dir='ltr'><strong>praecipuis</strong></span> <span class='ocrx_word' id='word_1_138' title='bbox 967 1858 1220 1911; x_wconf 86' lang='lat' dir='ltr'><strong>mentem</strong></span> <span class='ocrx_word' id='word_1_139' title='bbox 1246 1846 1551 1904; x_wconf 90' lang='lat' dir='ltr'><strong>sudoribus</strong></span> <span class='ocrx_word' id='word_1_140' title='bbox 1577 1858 1803 1920; x_wconf 88' lang='lat' dir='ltr'><strong>urguet,</strong></span> <span class='ocrx_word' id='word_1_141' title='bbox 2199 1845 2321 1903; x_wconf 86' lang='grc'><strong>220</strong></span> 
     </span>
     <span class='ocr_line' id='line_1_22' title="bbox 335 1924 1803 1999; baseline -0.002 -16"><span class='ocrx_word' id='word_1_142' title='bbox 335 1925 431 1984; x_wconf 92' lang='lat' dir='ltr'><strong>Te</strong></span> <span class='ocrx_word' id='word_1_143' title='bbox 454 1927 610 1985; x_wconf 86' lang='lat' dir='ltr'><strong>videt</strong></span> <span class='ocrx_word' id='word_1_144' title='bbox 635 1926 697 1984; x_wconf 90' lang='lat' dir='ltr'><strong>in</strong></span> <span class='ocrx_word' id='word_1_145' title='bbox 724 1926 971 1989; x_wconf 86' lang='lat' dir='ltr'><strong>somnis:</strong></span> <span class='ocrx_word' id='word_1_146' title='bbox 1012 1937 1113 1984; x_wconf 87' lang='lat' dir='ltr'><strong>tua</strong></span> <span class='ocrx_word' id='word_1_147' title='bbox 1138 1943 1303 1981; x_wconf 87' lang='lat' dir='ltr'><strong>sacra</strong></span> <span class='ocrx_word' id='word_1_148' title='bbox 1329 1934 1388 1981; x_wconf 95' lang='lat' dir='ltr'><strong>et</strong></span> <span class='ocrx_word' id='word_1_149' title='bbox 1408 1924 1584 1998; x_wconf 89' lang='lat' dir='ltr'><strong>major</strong></span> <span class='ocrx_word' id='word_1_150' title='bbox 1612 1924 1803 1999; x_wconf 82' lang='lat' dir='ltr'><strong>imago</strong></span> 
     </span>
     <span class='ocr_line' id='line_1_23' title="bbox 337 2001 1642 2080; baseline -0.004 -18"><span class='ocrx_word' id='word_1_151' title='bbox 337 2002 613 2062; x_wconf 71' lang='lat' dir='ltr'><strong>Humana</strong></span> <span class='ocrx_word' id='word_1_152' title='bbox 638 2005 829 2064; x_wconf 89' lang='lat' dir='ltr'><strong>turbat</strong></span> <span class='ocrx_word' id='word_1_153' title='bbox 852 2003 1140 2080; x_wconf 88' lang='lat' dir='ltr'><strong>pavidum,</strong></span> <span class='ocrx_word' id='word_1_154' title='bbox 1170 2002 1435 2077; x_wconf 86' lang='lat' dir='ltr'><strong>cogitque</strong></span> <span class='ocrx_word' id='word_1_155' title='bbox 1463 2001 1642 2058; x_wconf 88' lang='lat' dir='ltr'><strong>fateri.</strong></span> 
     </span>
     <span class='ocr_line' id='line_1_24' title="bbox 336 2077 1974 2158; baseline -0.001 -19"><span class='ocrx_word' id='word_1_156' title='bbox 336 2080 421 2139; x_wconf 92' lang='lat' dir='ltr'><strong>Hi</strong></span> <span class='ocrx_word' id='word_1_157' title='bbox 447 2093 599 2155; x_wconf 87' lang='lat' dir='ltr'><strong>sunt,</strong></span> <span class='ocrx_word' id='word_1_158' title='bbox 626 2084 725 2158; x_wconf 89' lang='lat' dir='ltr'><strong>qui</strong></span> <span class='ocrx_word' id='word_1_159' title='bbox 751 2083 1053 2157; x_wconf 88' lang='lat' dir='ltr'><strong>trepidant,</strong></span> <span class='ocrx_word' id='word_1_160' title='bbox 1082 2091 1141 2142; x_wconf 91' lang='lat' dir='ltr'><strong>et</strong></span> <span class='ocrx_word' id='word_1_161' title='bbox 1168 2080 1240 2146; x_wconf 91' lang='lat' dir='ltr'><strong>ad</strong></span> <span class='ocrx_word' id='word_1_162' title='bbox 1267 2080 1463 2138; x_wconf 89' lang='lat' dir='ltr'><strong>omnia</strong></span> <span class='ocrx_word' id='word_1_163' title='bbox 1489 2079 1713 2155; x_wconf 79' lang='lat' dir='ltr'><strong>fulgura</strong></span> <span class='ocrx_word' id='word_1_164' title='bbox 1738 2077 1974 2155; x_wconf 79' lang='lat' dir='ltr'><strong>pallent,</strong></span> 
     </span>
     <span class='ocr_line' id='line_1_25' title="bbox 334 2156 2035 2234; baseline -0.002 -18"><span class='ocrx_word' id='word_1_165' title='bbox 334 2158 539 2222; x_wconf 78' lang='lat' dir='ltr'><strong>Quum</strong></span> <span class='ocrx_word' id='word_1_166' title='bbox 565 2170 741 2231; x_wconf 89' lang='lat' dir='ltr'><strong>tonat,</strong></span> <span class='ocrx_word' id='word_1_167' title='bbox 769 2158 1061 2216; x_wconf 86' lang='lat' dir='ltr'><strong>exanimes</strong></span> <span class='ocrx_word' id='word_1_168' title='bbox 1086 2159 1270 2234; x_wconf 88' lang='lat' dir='ltr'><strong>primo</strong></span> <span class='ocrx_word' id='word_1_169' title='bbox 1296 2176 1522 2233; x_wconf 88' lang='lat' dir='ltr'><strong>quoque</strong></span> <span class='ocrx_word' id='word_1_170' title='bbox 1549 2176 1840 2216; x_wconf 90' lang='lat' dir='ltr'><strong>murmure</strong></span> <span class='ocrx_word' id='word_1_171' title='bbox 1868 2156 2035 2228; x_wconf 81' lang='lat' dir='ltr'><strong>coeli;</strong></span> 
     </span>
     <span class='ocr_line' id='line_1_26' title="bbox 333 2234 2315 2313; baseline -0.001 -19"><span class='ocrx_word' id='word_1_172' title='bbox 333 2235 474 2295; x_wconf 91' lang='lat' dir='ltr'><strong>Non</strong></span> <span class='ocrx_word' id='word_1_173' title='bbox 501 2237 662 2313; x_wconf 90' lang='lat' dir='ltr'><strong>quasi</strong></span> <span class='ocrx_word' id='word_1_174' title='bbox 690 2236 969 2309; x_wconf 86' lang='lat' dir='ltr'><strong>fortuitus,</strong></span> <span class='ocrx_word' id='word_1_175' title='bbox 996 2254 1108 2300; x_wconf 88' lang='lat' dir='ltr'><strong>nec</strong></span> <span class='ocrx_word' id='word_1_176' title='bbox 1135 2246 1432 2294; x_wconf 87' lang='lat' dir='ltr'><strong>ventorum</strong></span> <span class='ocrx_word' id='word_1_177' title='bbox 1463 2236 1640 2307; x_wconf 86' lang='lat' dir='ltr'><strong>rabie,</strong></span> <span class='ocrx_word' id='word_1_178' title='bbox 1670 2236 1769 2294; x_wconf 90' lang='lat' dir='ltr'><strong>sed</strong></span> <span class='ocrx_word' id='word_1_179' title='bbox 2195 2234 2315 2293; x_wconf 74' lang='lat'><strong>225</strong></span> 
     </span>
     <span class='ocr_line' id='line_1_27' title="bbox 334 2313 1867 2390; baseline -0.001 -19"><span class='ocrx_word' id='word_1_180' title='bbox 334 2314 524 2372; x_wconf 88' lang='lat' dir='ltr'><strong>Iratus</strong></span> <span class='ocrx_word' id='word_1_181' title='bbox 552 2316 722 2374; x_wconf 89' lang='lat' dir='ltr'><strong>cadat</strong></span> <span class='ocrx_word' id='word_1_182' title='bbox 746 2315 807 2372; x_wconf 91' lang='lat' dir='ltr'><strong>in</strong></span> <span class='ocrx_word' id='word_1_183' title='bbox 834 2326 1014 2373; x_wconf 86' lang='lat' dir='ltr'><strong>terras</strong></span> <span class='ocrx_word' id='word_1_184' title='bbox 1038 2325 1097 2372; x_wconf 89' lang='lat' dir='ltr'><strong>et</strong></span> <span class='ocrx_word' id='word_1_185' title='bbox 1117 2314 1339 2390; x_wconf 89' lang='lat' dir='ltr'><strong>judicet</strong></span> <span class='ocrx_word' id='word_1_186' title='bbox 1354 2313 1520 2389; x_wconf 81' lang='lat' dir='ltr'><strong>ignis.</strong></span> <span class='ocrx_word' id='word_1_187' title='bbox 1862 2347 1867 2349; x_wconf 34' lang='lat' dir='ltr'>v</span> 
     </span>
     <span class='ocr_line' id='line_1_28' title="bbox 333 2391 1562 2467; baseline 0 -20"><span class='ocrx_word' id='word_1_188' title='bbox 333 2391 444 2449; x_wconf 90' lang='lat' dir='ltr'><strong>Illa</strong></span> <span class='ocrx_word' id='word_1_189' title='bbox 469 2394 614 2451; x_wconf 90' lang='lat' dir='ltr'><strong>nihil</strong></span> <span class='ocrx_word' id='word_1_190' title='bbox 643 2393 859 2464; x_wconf 90' lang='lat' dir='ltr'><strong>nocuit,</strong></span> <span class='ocrx_word' id='word_1_191' title='bbox 887 2392 1028 2450; x_wconf 64' lang='lat' dir='ltr'><strong>cura</strong></span> <span class='ocrx_word' id='word_1_192' title='bbox 1054 2393 1305 2467; x_wconf 84' lang='lat' dir='ltr'><strong>graviore</strong></span> <span class='ocrx_word' id='word_1_193' title='bbox 1335 2392 1562 2449; x_wconf 89' lang='lat' dir='ltr'><strong>timetur</strong></span> 
     </span>
     <span class='ocr_line' id='line_1_29' title="bbox 333 2469 1702 2545; baseline 0.001 -20"><span class='ocrx_word' id='word_1_194' title='bbox 333 2469 597 2528; x_wconf 86' lang='lat' dir='ltr'><strong>Proxima</strong></span> <span class='ocrx_word' id='word_1_195' title='bbox 621 2481 942 2545; x_wconf 84' lang='lat' dir='ltr'><strong>tempestas,</strong></span> <span class='ocrx_word' id='word_1_196' title='bbox 969 2471 1123 2527; x_wconf 85' lang='lat' dir='ltr'><strong>velut</strong></span> <span class='ocrx_word' id='word_1_197' title='bbox 1149 2470 1258 2526; x_wconf 92' lang='lat' dir='ltr'><strong>hoc</strong></span> <span class='ocrx_word' id='word_1_198' title='bbox 1286 2469 1458 2525; x_wconf 89' lang='lat' dir='ltr'><strong>dilata</strong></span> <span class='ocrx_word' id='word_1_199' title='bbox 1484 2487 1702 2526; x_wconf 88' lang='lat' dir='ltr'><strong>sereno.</strong></span> 
     </span>
     <span class='ocr_line' id='line_1_30' title="bbox 331 2546 1654 2622; baseline -0.005 -13"><span class='ocrx_word' id='word_1_200' title='bbox 331 2546 633 2619; x_wconf 67' lang='lat' dir='ltr'><strong>Praeterea,</strong></span> <span class='ocrx_word' id='word_1_201' title='bbox 660 2548 851 2604; x_wconf 88' lang='lat' dir='ltr'><strong>lateris</strong></span> <span class='ocrx_word' id='word_1_202' title='bbox 877 2547 1032 2622; x_wconf 88' lang='lat' dir='ltr'><strong>vigili</strong></span> <span class='ocrx_word' id='word_1_203' title='bbox 1059 2566 1192 2603; x_wconf 89' lang='lat' dir='ltr'><strong>cum</strong></span> <span class='ocrx_word' id='word_1_204' title='bbox 1222 2547 1376 2604; x_wconf 87' lang='lat' dir='ltr'><strong>febre</strong></span> <span class='ocrx_word' id='word_1_205' title='bbox 1404 2547 1654 2604; x_wconf 90' lang='lat' dir='ltr'><strong>dolorem</strong></span> 
     </span>
     <span class='ocr_line' id='line_1_31' title="bbox 332 2623 2317 2700; baseline 0.002 -22"><span class='ocrx_word' id='word_1_206' title='bbox 332 2623 397 2679; x_wconf 88' lang='lat' dir='ltr'><strong>Si</strong></span> <span class='ocrx_word' id='word_1_207' title='bbox 426 2623 652 2698; x_wconf 69' lang='lat' dir='ltr'><strong>coepere</strong></span> <span class='ocrx_word' id='word_1_208' title='bbox 678 2625 816 2700; x_wconf 88' lang='lat' dir='ltr'><strong>pati,</strong></span> <span class='ocrx_word' id='word_1_209' title='bbox 846 2625 1082 2684; x_wconf 85' lang='lat' dir='ltr'><strong>missum</strong></span> <span class='ocrx_word' id='word_1_210' title='bbox 1109 2626 1182 2683; x_wconf 88' lang='lat' dir='ltr'><strong>ad</strong></span> <span class='ocrx_word' id='word_1_211' title='bbox 1208 2642 1314 2682; x_wconf 87' lang='lat' dir='ltr'><strong>sua</strong></span> <span class='ocrx_word' id='word_1_212' title='bbox 1340 2642 1576 2698; x_wconf 90' lang='lat' dir='ltr'><strong>corpora</strong></span> <span class='ocrx_word' id='word_1_213' title='bbox 1601 2624 1863 2688; x_wconf 84' lang='lat' dir='ltr'><strong>morbum</strong></span> <span class='ocrx_word' id='word_1_214' title='bbox 2194 2624 2317 2683; x_wconf 78' lang='lat'><strong>230</strong></span> 
     </span>
     <span class='ocr_line' id='line_1_32' title="bbox 329 2699 2239 2760; baseline 0.001 -5"><span class='ocrx_word' id='word_1_215' title='bbox 329 2699 548 2759; x_wconf 87' lang='lat' dir='ltr'><strong>Infesto</strong></span> <span class='ocrx_word' id='word_1_216' title='bbox 574 2703 817 2759; x_wconf 86' lang='lat' dir='ltr'><strong>credunt</strong></span> <span class='ocrx_word' id='word_1_217' title='bbox 843 2722 878 2759; x_wconf 89' lang='lat' dir='ltr'><strong>a</strong></span> <span class='ocrx_word' id='word_1_218' title='bbox 906 2702 1142 2760; x_wconf 90' lang='lat' dir='ltr'><strong>numine</strong></span> <span class='ocrx_word' id='word_1_219' title='bbox 1166 2721 1180 2758; x_wconf 74' lang='grc' dir='ltr'>ε</span> <span class='ocrx_word' id='word_1_220' title='bbox 1223 2720 1362 2760; x_wconf 85' lang='lat' dir='ltr'><strong>saxa</strong></span> <span class='ocrx_word' id='word_1_221' title='bbox 1388 2702 1624 2758; x_wconf 87' lang='lat' dir='ltr'><strong>deorum</strong></span> <span class='ocrx_word' id='word_1_222' title='bbox 2226 2728 2239 2735; x_wconf 84' lang='lat'><em>-</em></span> 
     </span>
     <span class='ocr_line' id='line_1_33' title="bbox 328 2778 1803 2855; baseline 0.002 -20"><span class='ocrx_word' id='word_1_223' title='bbox 328 2778 479 2835; x_wconf 87' lang='lat' dir='ltr'><strong>Haec</strong></span> <span class='ocrx_word' id='word_1_224' title='bbox 505 2790 563 2837; x_wconf 91' lang='lat' dir='ltr'><strong>et</strong></span> <span class='ocrx_word' id='word_1_225' title='bbox 588 2780 703 2838; x_wconf 89' lang='lat' dir='ltr'><strong>tela</strong></span> <span class='ocrx_word' id='word_1_226' title='bbox 726 2790 945 2855; x_wconf 89' lang='lat' dir='ltr'><strong>putant.</strong></span> <span class='ocrx_word' id='word_1_227' title='bbox 1027 2780 1319 2838; x_wconf 90' lang='lat' dir='ltr'><strong>Pecudem</strong></span> <span class='ocrx_word' id='word_1_228' title='bbox 1348 2780 1623 2854; x_wconf 88' lang='lat' dir='ltr'><strong>spondere</strong></span> <span class='ocrx_word' id='word_1_229' title='bbox 1651 2778 1803 2838; x_wconf 87' lang='lat' dir='ltr'><strong>sacel</strong></span> 
     </span>
     <span class='ocr_line' id='line_1_34' title="bbox 326 2855 1771 2932; baseline 0.001 -20"><span class='ocrx_word' id='word_1_230' title='bbox 326 2855 646 2930; x_wconf 86' lang='lat' dir='ltr'><strong>Balantem,</strong></span> <span class='ocrx_word' id='word_1_231' title='bbox 672 2868 730 2915; x_wconf 91' lang='lat' dir='ltr'><strong>et</strong></span> <span class='ocrx_word' id='word_1_232' title='bbox 756 2855 1000 2915; x_wconf 89' lang='lat' dir='ltr'><strong>Laribus</strong></span> <span class='ocrx_word' id='word_1_233' title='bbox 1026 2858 1253 2918; x_wconf 89' lang='lat' dir='ltr'><strong>cristam</strong></span> <span class='ocrx_word' id='word_1_234' title='bbox 1280 2857 1606 2932; x_wconf 89' lang='lat' dir='ltr'><strong>promittere</strong></span> <span class='ocrx_word' id='word_1_235' title='bbox 1631 2856 1771 2931; x_wconf 87' lang='lat' dir='ltr'><strong>galli</strong></span> 
     </span>
     <span class='ocr_line' id='line_1_35' title="bbox 324 2932 1919 3010; baseline 0.001 -18"><span class='ocrx_word' id='word_1_236' title='bbox 324 2932 463 2992; x_wconf 87' lang='lat' dir='ltr'><strong>Non</strong></span> <span class='ocrx_word' id='word_1_237' title='bbox 491 2935 740 2991; x_wconf 85' lang='lat' dir='ltr'><strong>audent:</strong></span> <span class='ocrx_word' id='word_1_238' title='bbox 782 2935 919 3008; x_wconf 91' lang='lat' dir='ltr'><strong>quid</strong></span> <span class='ocrx_word' id='word_1_239' title='bbox 946 2936 1099 2991; x_wconf 89' lang='lat' dir='ltr'><strong>enim</strong></span> <span class='ocrx_word' id='word_1_240' title='bbox 1127 2953 1353 3010; x_wconf 90' lang='lat' dir='ltr'><strong>sperare</strong></span> <span class='ocrx_word' id='word_1_241' title='bbox 1380 2934 1720 2994; x_wconf 83' lang='lat' dir='ltr'><strong>nocentibus</strong></span> <span class='ocrx_word' id='word_1_242' title='bbox 1749 2934 1919 3009; x_wconf 78' lang='lat' dir='ltr'><strong>aegris</strong></span> 
     </span>
     <span class='ocr_line' id='line_1_36' title="bbox 325 3010 2315 3087; baseline 0.003 -20"><span class='ocrx_word' id='word_1_243' title='bbox 325 3010 725 3070; x_wconf 68' lang='lat' dir='ltr'><strong>Concessum?</strong></span> <span class='ocrx_word' id='word_1_244' title='bbox 762 3011 851 3068; x_wconf 85' lang='lat' dir='ltr'><strong>vel</strong></span> <span class='ocrx_word' id='word_1_245' title='bbox 879 3030 1004 3086; x_wconf 87' lang='lat' dir='ltr'><strong>quae</strong></span> <span class='ocrx_word' id='word_1_246' title='bbox 1033 3031 1149 3070; x_wconf 90' lang='lat' dir='ltr'><strong>non</strong></span> <span class='ocrx_word' id='word_1_247' title='bbox 1177 3011 1401 3087; x_wconf 86' lang='lat' dir='ltr'><strong>dignior</strong></span> <span class='ocrx_word' id='word_1_248' title='bbox 1430 3012 1617 3069; x_wconf 91' lang='lat' dir='ltr'><strong>hostia</strong></span> <span class='ocrx_word' id='word_1_249' title='bbox 1641 3012 1796 3070; x_wconf 65' lang='lat' dir='ltr'><strong>vita?</strong></span> <span class='ocrx_word' id='word_1_250' title='bbox 2190 3012 2315 3073; x_wconf 77' lang='lat'><strong>235</strong></span> 
     </span>
     <span class='ocr_line' id='line_1_37' title="bbox 324 3084 1693 3150; baseline 0.002 -7"><span class='ocrx_word' id='word_1_251' title='bbox 324 3084 558 3149; x_wconf 89' lang='lat' dir='ltr'><strong>Mobilis</strong></span> <span class='ocrx_word' id='word_1_252' title='bbox 584 3101 644 3150; x_wconf 91' lang='lat' dir='ltr'><strong>et</strong></span> <span class='ocrx_word' id='word_1_253' title='bbox 667 3089 823 3149; x_wconf 75' lang='lat' dir='ltr'><strong>varia</strong></span> <span class='ocrx_word' id='word_1_254' title='bbox 847 3099 935 3148; x_wconf 84' lang='lat' dir='ltr'><strong>est</strong></span> <span class='ocrx_word' id='word_1_255' title='bbox 962 3087 1138 3150; x_wconf 73' lang='lat' dir='ltr'><strong>ferme</strong></span> <span class='ocrx_word' id='word_1_256' title='bbox 1168 3102 1371 3147; x_wconf 89' lang='lat' dir='ltr'><strong>natura</strong></span> <span class='ocrx_word' id='word_1_257' title='bbox 1396 3089 1693 3147; x_wconf 88' lang='lat' dir='ltr'><strong>malorum.</strong></span> 
     </span>
     <span class='ocr_line' id='line_1_38' title="bbox 320 3164 2097 3242; baseline -0.001 -17"><span class='ocrx_word' id='word_1_258' title='bbox 320 3164 526 3225; x_wconf 78' lang='lat' dir='ltr'><strong>Quum</strong></span> <span class='ocrx_word' id='word_1_259' title='bbox 553 3167 740 3225; x_wconf 87' lang='lat' dir='ltr'><strong>scelus</strong></span> <span class='ocrx_word' id='word_1_260' title='bbox 766 3166 1091 3238; x_wconf 87' lang='lat' dir='ltr'><strong>admittunt,</strong></span> <span class='ocrx_word' id='word_1_261' title='bbox 1120 3177 1376 3242; x_wconf 86' lang='lat' dir='ltr'><strong>superest</strong></span> <span class='ocrx_word' id='word_1_262' title='bbox 1401 3166 1755 3225; x_wconf 62' lang='lat' dir='ltr'><strong>constantim</strong></span> <span class='ocrx_word' id='word_1_263' title='bbox 1818 3164 1985 3228; x_wconf 81' lang='lat' dir='ltr'><strong>Quid</strong></span> <span class='ocrx_word' id='word_1_264' title='bbox 2012 3166 2097 3224; x_wconf 82' lang='lat' dir='ltr'><strong>fas</strong></span> 
     </span>
     <span class='ocr_line' id='line_1_39' title="bbox 322 3243 1795 3319; baseline 0.001 -21"><span class='ocrx_word' id='word_1_265' title='bbox 322 3243 515 3316; x_wconf 89' lang='lat' dir='ltr'><strong>Atque</strong></span> <span class='ocrx_word' id='word_1_266' title='bbox 542 3245 721 3315; x_wconf 87' lang='lat' dir='ltr'><strong>nefas,</strong></span> <span class='ocrx_word' id='word_1_267' title='bbox 747 3245 978 3304; x_wconf 87' lang='lat' dir='ltr'><strong>tandem</strong></span> <span class='ocrx_word' id='word_1_268' title='bbox 1005 3243 1288 3319; x_wconf 89' lang='lat' dir='ltr'><strong>incipiunt</strong></span> <span class='ocrx_word' id='word_1_269' title='bbox 1313 3243 1522 3301; x_wconf 92' lang='lat' dir='ltr'><strong>sentire</strong></span> <span class='ocrx_word' id='word_1_270' title='bbox 1548 3244 1795 3319; x_wconf 86' lang='lat' dir='ltr'><strong>peractis</strong></span> 
     </span>
     <span class='ocr_line' id='line_1_40' title="bbox 323 3319 1834 3380; baseline 0.002 -4"><span class='ocrx_word' id='word_1_271' title='bbox 323 3319 700 3378; x_wconf 89' lang='lat' dir='ltr'><strong>Criminibus.</strong></span> <span class='ocrx_word' id='word_1_272' title='bbox 788 3321 1015 3380; x_wconf 91' lang='lat' dir='ltr'><strong>Tamen</strong></span> <span class='ocrx_word' id='word_1_273' title='bbox 1050 3322 1121 3377; x_wconf 91' lang='lat' dir='ltr'><strong>ad</strong></span> <span class='ocrx_word' id='word_1_274' title='bbox 1150 3340 1335 3378; x_wconf 87' lang='lat' dir='ltr'><strong>mores</strong></span> <span class='ocrx_word' id='word_1_275' title='bbox 1362 3330 1566 3379; x_wconf 90' lang='lat' dir='ltr'><strong>natura</strong></span> <span class='ocrx_word' id='word_1_276' title='bbox 1593 3321 1834 3380; x_wconf 88' lang='lat' dir='ltr'><strong>recurrit</strong></span> 
     </span>
     <span class='ocr_line' id='line_1_41' title="bbox 322 3395 2312 3472; baseline 0.002 -22"><span class='ocrx_word' id='word_1_277' title='bbox 322 3395 659 3470; x_wconf 88' lang='lat' dir='ltr'><strong>Damnatos,</strong></span> <span class='ocrx_word' id='word_1_278' title='bbox 686 3398 801 3455; x_wconf 88' lang='lat' dir='ltr'><strong>fixa</strong></span> <span class='ocrx_word' id='word_1_279' title='bbox 827 3409 887 3455; x_wconf 91' lang='lat' dir='ltr'><strong>et</strong></span> <span class='ocrx_word' id='word_1_280' title='bbox 914 3400 1119 3456; x_wconf 87' lang='lat' dir='ltr'><strong>mutari</strong></span> <span class='ocrx_word' id='word_1_281' title='bbox 1146 3398 1360 3454; x_wconf 88' lang='lat' dir='ltr'><strong>nescia.</strong></span> <span class='ocrx_word' id='word_1_282' title='bbox 1442 3398 1600 3454; x_wconf 90' lang='lat' dir='ltr'><strong>Nam</strong></span> <span class='ocrx_word' id='word_1_283' title='bbox 1627 3400 1754 3472; x_wconf 90' lang='lat' dir='ltr'><strong>quis</strong></span> <span class='ocrx_word' id='word_1_284' title='bbox 2187 3398 2312 3455; x_wconf 88' lang='grc'><strong>240</strong></span> 
     </span>
     <span class='ocr_line' id='line_1_42' title="bbox 322 3472 1711 3551; baseline 0.004 -24"><span class='ocrx_word' id='word_1_285' title='bbox 322 3472 611 3529; x_wconf 86' lang='lat' dir='ltr'><strong>Peccandi</strong></span> <span class='ocrx_word' id='word_1_286' title='bbox 637 3474 809 3532; x_wconf 89' lang='lat' dir='ltr'><strong>finem</strong></span> <span class='ocrx_word' id='word_1_287' title='bbox 837 3477 1024 3550; x_wconf 89' lang='lat' dir='ltr'><strong>posuit</strong></span> <span class='ocrx_word' id='word_1_288' title='bbox 1050 3475 1197 3531; x_wconf 79' lang='lat' dir='ltr'><strong>sibi‘l</strong></span> <span class='ocrx_word' id='word_1_289' title='bbox 1238 3475 1467 3550; x_wconf 91' lang='lat' dir='ltr'><strong>quando</strong></span> <span class='ocrx_word' id='word_1_290' title='bbox 1493 3476 1711 3551; x_wconf 88' lang='lat' dir='ltr'><strong>recepit</strong></span> 
     </span>
     <span class='ocr_line' id='line_1_43' title="bbox 320 3547 1662 3622; baseline 0.002 -16"><span class='ocrx_word' id='word_1_291' title='bbox 320 3547 587 3622; x_wconf 73' lang='lat' dir='ltr'><strong>Ejectum</strong></span> <span class='ocrx_word' id='word_1_292' title='bbox 614 3550 790 3607; x_wconf 89' lang='lat' dir='ltr'><strong>semel</strong></span> <span class='ocrx_word' id='word_1_293' title='bbox 819 3554 1010 3612; x_wconf 67' lang='lat' dir='ltr'><strong>attrita</strong></span> <span class='ocrx_word' id='word_1_294' title='bbox 1038 3555 1110 3609; x_wconf 85' lang='lat' dir='ltr'><strong>de</strong></span> <span class='ocrx_word' id='word_1_295' title='bbox 1140 3552 1323 3610; x_wconf 84' lang='lat' dir='ltr'><strong>fronte</strong></span> <span class='ocrx_word' id='word_1_296' title='bbox 1350 3552 1616 3611; x_wconf 88' lang='lat' dir='ltr'><strong>ruborem</strong></span> <span class='ocrx_word' id='word_1_297' title='bbox 1638 3554 1662 3609; x_wconf 72' lang='lat' dir='ltr'><strong>&#39;l</strong></span> 
     </span>
     <span class='ocr_line' id='line_1_44' title="bbox 318 3624 2097 3702; baseline 0.006 -22"><span class='ocrx_word' id='word_1_298' title='bbox 318 3624 611 3686; x_wconf 83' lang='lat' dir='ltr'><strong>Quisnam</strong></span> <span class='ocrx_word' id='word_1_299' title='bbox 635 3626 933 3684; x_wconf 86' lang='lat' dir='ltr'><strong>hominurn</strong></span> <span class='ocrx_word' id='word_1_300' title='bbox 958 3639 1066 3698; x_wconf 86' lang='lat' dir='ltr'><strong>est,</strong></span> <span class='ocrx_word' id='word_1_301' title='bbox 1093 3647 1264 3702; x_wconf 88' lang='lat' dir='ltr'><strong>quem</strong></span> <span class='ocrx_word' id='word_1_302' title='bbox 1290 3639 1354 3687; x_wconf 88' lang='lat' dir='ltr'><strong>tu</strong></span> <span class='ocrx_word' id='word_1_303' title='bbox 1381 3639 1717 3687; x_wconf 88' lang='lat' dir='ltr'><strong>contentum</strong></span> <span class='ocrx_word' id='word_1_304' title='bbox 1743 3629 1953 3689; x_wconf 82' lang='lat' dir='ltr'><strong>videris</strong></span> <span class='ocrx_word' id='word_1_305' title='bbox 1978 3647 2097 3690; x_wconf 82' lang='lat' dir='ltr'><strong>uno</strong></span> 
     </span>
     <span class='ocr_line' id='line_1_45' title="bbox 322 3700 1724 3784; baseline 0.006 -25"><span class='ocrx_word' id='word_1_306' title='bbox 322 3700 607 3776; x_wconf 66' lang='lat' dir='ltr'><strong>Flagitiot</strong></span> <span class='ocrx_word' id='word_1_307' title='bbox 687 3702 864 3766; x_wconf 81' lang='lat' dir='ltr'><strong>Dabit</strong></span> <span class='ocrx_word' id='word_1_308' title='bbox 889 3703 949 3765; x_wconf 86' lang='lat' dir='ltr'><strong>in</strong></span> <span class='ocrx_word' id='word_1_309' title='bbox 977 3704 1243 3781; x_wconf 83' lang='lat' dir='ltr'><strong>laqueum</strong></span> <span class='ocrx_word' id='word_1_310' title='bbox 1272 3707 1508 3784; x_wconf 83' lang='lat' dir='ltr'><strong>vestigia</strong></span> <span class='ocrx_word' id='word_1_311' title='bbox 1533 3717 1724 3768; x_wconf 78' lang='lat' dir='ltr'><strong>noster</strong></span> 
     </span>
    </p>
   </div>
  </div>
 </body>
</html>
