2613 4161
337 252 422 309 82
960 248 1027 296 D.
1061 247 1259 297 JUNn
1291 247 1686 297 JUVENALIS

333 390 508 450 Quod
537 388 757 464 TaguS,
784 399 844 445 et
869 389 1040 446 rutila
1065 388 1235 447 volvit
1261 387 1528 447 Pactolus
1555 388 1753 462 arena,

334 467 568 541 Frigida
595 467 878 524 sufficient
904 467 1156 524 velantes
1183 467 1421 541 inguina
1485 467 1643 538 anni,

334 544 702 619 Exiguusque
732 546 914 615 cibuS,
945 545 1132 601 mersa
1160 555 1278 601 rate
1309 562 1425 600 nau
1450 563 1618 618 ragus
1647 563 1830 602 assem

337 621 495 680 Dum
525 632 704 696 rogat,
734 635 792 679 et
818 622 971 696 picta
999 641 1060 678 se
1088 632 1424 696 tempestate
1450 633 1659 679 tuetur.

336 701 544 756 Tantis
570 710 730 774 parta
756 700 918 756 malis
946 700 1083 755 curii
1112 699 1324 773 majore
1343 709 1608 772 metuque

342 778 667 833 Servantur.
750 775 965 833 Misera
990 789 1079 834 est
1107 777 1301 851 magni
1331 778 1589 833 custodia
1615 776 1840 834 census.

416 855 716 930 Dispositis
741 855 1014 929 praedives
1041 855 1224 911 hamis
1251 855 1482 929 vigilare
1511 855 1802 911 cohortem

339 933 639 989 Servorum
670 942 843 988 noctu
870 932 1107 988 Licinus
1129 933 1310 1006 jubet,
1342 931 1612 988 attonitus
1638 951 1740 1008 pro

338 1009 585 1080 Electro,
615 1009 901 1083 signisque
929 1010 1068 1080 suis,
1096 1008 1776 1084 Phrygiaque-columna,

338 1088 530 1161 Atque
557 1088 746 1158 ebore,
775 1097 833 1142 et
859 1087 975 1143 lata
1001 1088 1303 1143 testudine.
1386 1086 1559 1143 Dolia
1585 1087 1725 1144 nudi
1766 1100 1778 1104 ·

337 1164 473 1221 Non
502 1165 702 1221 ardent
730 1164 968 1238 Cynici:
1010 1165 1056 1220 si
1086 1165 1338 1239 fregeriS‚
1367 1165 1544 1221 altera
1568 1163 1669 1220 fiet

338 1241 483 1297 Cras
512 1242 733 1312 domuS,
763 1252 859 1298 aut
883 1241 1085 1298 eadem
1114 1242 1346 1316 plumbo
1372 1242 1675 1298 commissa
1700 1242 1969 1299 manebit.

340 1319 533 1374 Sensit
559 1319 904 1391 Alexander,
934 1320 1080 1376 testa
1104 1338 1281 1392 quum
1306 1319 1447 1375 vidit
1474 1319 1533 1376 in
1558 1318 1660 1376 ilia

308 1464 312 1469 ι
339 1394 618 1469 Magnum
649 1397 1038 1468 habitatorem,
1066 1406 1276 1470 quanto
1303 1397 1520 1453 felicior
1548 1397 1663 1467 hic,
1690 1396 1788 1470 qui

338 1473 437 1528 Nil
468 1485 718 1548 cuperet,
745 1472 915 1547 quam
944 1475 1039 1548 qui
1066 1485 1246 1532 totum
1273 1475 1381 1532 sibi
1408 1484 1669 1549 posceret
1691 1473 1908 1547 orbem,

338 1550 613 1607 Passurus
639 1553 812 1626 gestis
843 1553 1119 1625 aequanda
1138 1553 1394 1627 pericula
1419 1552 1605 1609 rebus·

337 1628 578 1684 Nullum
606 1648 820 1686 numen
851 1630 1045 1700 habes,
1069 1631 1116 1687 si
1145 1631 1217 1686 sit
1241 1630 1581 1705 prudentia:
1625 1648 1730 1686 nos
1757 1639 1835 1701 te,

337 1705 464 1762 No's
492 1707 749 1778 facimus,
780 1706 1051 1778 Fortuna,
1079 1706 1285 1764 Deam.
1370 1704 1651 1764 Mensura
1679 1716 1872 1765 tamen
1895 1724 2026 1784 quae

340 1784 597 1841 Sufficiat
618 1786 846 1856 censfiS,
875 1784 922 1840 si
949 1784 1076 1859 quis
1102 1798 1195 1845 me
1223 1785 1505 1857 consulat,
1534 1785 1702 1842 edam
1729 1804 1742 1841 :

338 1860 408 1917 In
437 1874 708 1936 quantum
731 1863 851 1919 sitis
879 1872 1045 1936 atque
1074 1863 1251 1920 fames
1277 1873 1336 1920 et
1364 1863 1572 1937 frigora
1597 1872 1858 1936 poscunt,

335 1939 659 2011 Quantum,
689 1939 957 2015 Epicure,
985 1941 1088 1998 tibi
1114 1942 1301 2016 parvis
1329 1941 1554 1998 suffecit
1581 1941 1642 1996 in
1671 1941 1869 2012 hortiS,

336 2016 638 2075 Quantum
669 2017 946 2075 Socratici
975 2030 1250 2093 ceperunt
1276 2017 1410 2075 ante
1438 2029 1692 2094 penates,

335 2094 648 2167 Nunquam
681 2095 838 2151 aliud
868 2094 1110 2167 Natura,
1140 2097 1295 2152 aliud
1324 2096 1620 2171 Sapientia
1646 2095 1787 2152 dicit

336 2172 587 2228 Acribus
613 2173 885 2247 exemplis
911 2173 1102 2230 videor
1129 2184 1186 2231 te
1214 2174 1498 2231 claudere.
1580 2173 1766 2230 Misce

336 2248 492 2324 Ergo
517 2251 728 2325 aliquid
756 2250 962 2307 nostris
990 2252 1061 2307 de
1089 2252 1373 2308 moribus:
1415 2252 1578 2308 effice
1605 2268 1906 2322 summam,

336 2327 440 2383 Bis·
461 2340 678 2403 septem
705 2329 1001 2385 ordinibus
1027 2348 1195 2403 quam
1224 2330 1316 2386 lex
1345 2329 1611 2404 dignatur
1638 2328 1902 2385 Othonis.

336 2404 485 2460 Haec
512 2424 733 2479 quoque
761 2406 809 2462 si
836 2423 1034 2481 rugam
1062 2408 1251 2479 trahit,
1280 2408 1648 2480 extenditque
1674 2406 1979 2477 labellum;

337 2482 515 2537 Sume
543 2484 686 2539 duos
710 2482 965 2557 Equites,
994 2484 1085 2541 fac
1112 2486 1279 2542 tertia
1303 2485 1737 2559 quadringenta.

336 2558 401 2615 Si
429 2560 683 2615 nondum
711 2559 936 2634 implevi
964 2562 1265 2635 gremium,
1289 2562 1338 2617 si
1364 2562 1633 2637 panditur
1656 2559 1839 2619 ultra:

333 2634 467 2692 Nec
493 2635 676 2694 Croesi
705 2637 929 2694 fortuna
953 2655 1205 2713 unquam
1232 2658 1343 2698 nec
1370 2640 1603 2696 Persica
1626 2657 1808 2716 regna

336 2712 634 2772 Sufficient
660 2714 871 2788 animo,
891 2732 1003 2773 nec
1031 2717 1239 2774 divitiae
1266 2717 1552 2789 Narcissi,

333 2791 582 2848 Indulsit
608 2792 803 2849 Caesar
830 2794 926 2850 cui
950 2793 1231 2852 Claudius
1256 2795 1471 2867 omnia,
1499 2794 1674 2870 cujus

333 2869 532 2927 Paruit
556 2868 829 2946 imperiis,
856 2887 1093 2930 uxorem
1118 2874 1386 2931 occidere
1408 2873 1623 2949 jussus.

1075 3179 1398 3240 SATIRA
1438 3179 1575 3239 XV.

412 3334 575 3396 Qms
603 3337 807 3409 nescit,
835 3338 862 3395 ἲ

336 3412 618 3486 AEgyptus
645 3426 862 3489 portent

336 3489 474 3545 Pars
502 3491 658 3547 haec:
700 3492 795 3548 illa
820 3512 862 3567 p:

335 3566 570 3639 Effigies
597 3570 741 3624 sacri
769 3570 862 3625 nit«

341 3643 590 3699 Dimidio
616 3646 853 3719 magicae
1867 3709 1882 3718 ,

343 3719 527 3791 Atque
555 3730 717 3776 vetus
742 3720 949 3777 Thebe
975 3735 1209 3780 centum
1230 3726 1387 3799 jacet
1409 3725 1613 3782 obruta
1636 3725 1828 3801 portis·

2199 1244 2324 1300 31⁰

2194 1629 2323 1687 315
