<?xml version="1.0" encoding="UTF-8"?>
<!DOCTYPE html PUBLIC "-//W3C//DTD XHTML 1.0 Transitional//EN"
    "http://www.w3.org/TR/xhtml1/DTD/xhtml1-transitional.dtd">
<html xmlns="http://www.w3.org/1999/xhtml" xml:lang="en" lang="en">
 <head>
  <title>
</title>
<meta http-equiv="Content-Type" content="text/html;charset=utf-8" />
  <meta name='ocr-system' content='tesseract 3.04.00' />
  <meta name='ocr-capabilities' content='ocr_page ocr_carea ocr_par ocr_line ocrx_word'/>
</head>
<body>
  <div class='ocr_page' id='page_1' title='image "./decimijuniijuve03persgoog_0093.png"; bbox 0 0 2613 4161; ppageno 0'>
   <div class='ocr_carea' id='block_1_1' title="bbox 1093 244 1530 293">
    <p class='ocr_par' dir='ltr' id='par_1_1' title="bbox 1093 244 1530 293">
     <span class='ocr_line' id='line_1_1' title="bbox 1093 244 1530 293; baseline 0 0"><span class='ocrx_word' id='word_1_1' title='bbox 1093 244 1346 293; x_wconf 72' lang='lat' dir='ltr'>SATIRA</span> <span class='ocrx_word' id='word_1_2' title='bbox 1380 244 1530 293; x_wconf 80' lang='lat' dir='ltr'><strong>xlv.</strong></span> 
     </span>
    </p>
   </div>
   <div class='ocr_carea' id='block_1_2' title="bbox 311 384 1956 770">
    <p class='ocr_par' dir='ltr' id='par_1_2' title="bbox 312 384 1679 461">
     <span class='ocr_line' id='line_1_2' title="bbox 312 384 1679 461; baseline -0.002 -17"><span class='ocrx_word' id='word_1_3' title='bbox 312 386 595 457; x_wconf 87' lang='lat' dir='ltr'>Perfidus,</span> <span class='ocrx_word' id='word_1_4' title='bbox 622 396 682 443; x_wconf 93' lang='lat' dir='ltr'>et</span> <span class='ocrx_word' id='word_1_5' title='bbox 711 385 862 461; x_wconf 88' lang='lat' dir='ltr'>nigri</span> <span class='ocrx_word' id='word_1_6' title='bbox 889 384 1136 461; x_wconf 88' lang='lat' dir='ltr'>patietur</span> <span class='ocrx_word' id='word_1_7' title='bbox 1163 385 1413 444; x_wconf 87' lang='lat' dir='ltr'>carceris</span> <span class='ocrx_word' id='word_1_8' title='bbox 1438 398 1679 457; x_wconf 86' lang='lat' dir='ltr'>uncum,</span> 
     </span>
    </p>

    <p class='ocr_par' dir='ltr' id='par_1_3' title="bbox 311 462 1866 693">
     <span class='ocr_line' id='line_1_3' title="bbox 314 462 1866 539; baseline 0 -17"><span class='ocrx_word' id='word_1_9' title='bbox 314 466 435 524; x_wconf 86' lang='lat' dir='ltr'>Aut</span> <span class='ocrx_word' id='word_1_10' title='bbox 461 464 634 521; x_wconf 88' lang='lat' dir='ltr'>maris</span> <span class='ocrx_word' id='word_1_11' title='bbox 663 463 851 539; x_wconf 80' lang='lat' dir='ltr'>AEgaei</span> <span class='ocrx_word' id='word_1_12' title='bbox 880 482 1100 539; x_wconf 82' lang='lat' dir='ltr'><strong>rupem,</strong></span> <span class='ocrx_word' id='word_1_13' title='bbox 1130 462 1510 538; x_wconf 89' lang='lat' dir='ltr'>scopulosque</span> <span class='ocrx_word' id='word_1_14' title='bbox 1539 462 1866 538; x_wconf 68' lang='lat' dir='ltr'>frequentes</span> 
     </span>
     <span class='ocr_line' id='line_1_4' title="bbox 311 541 1683 615; baseline 0 -17"><span class='ocrx_word' id='word_1_15' title='bbox 311 543 623 598; x_wconf 79' lang='lat' dir='ltr'>Exsulibus</span> <span class='ocrx_word' id='word_1_16' title='bbox 651 542 890 615; x_wconf 62' lang='lat' dir='ltr'>magnisz</span> <span class='ocrx_word' id='word_1_17' title='bbox 974 541 1157 597; x_wconf 69' lang='lat' dir='ltr'>Poena</span> <span class='ocrx_word' id='word_1_18' title='bbox 1177 541 1457 615; x_wconf 85' lang='lat' dir='ltr'>gaudebis</span> <span class='ocrx_word' id='word_1_19' title='bbox 1487 542 1683 598; x_wconf 63' lang='lat' dir='ltr'>amar&amp;</span> 
     </span>
     <span class='ocr_line' id='line_1_5' title="bbox 311 617 1652 693; baseline 0 -17"><span class='ocrx_word' id='word_1_20' title='bbox 311 620 578 677; x_wconf 81' lang='lat' dir='ltr'>Nominis</span> <span class='ocrx_word' id='word_1_21' title='bbox 606 619 792 691; x_wconf 88' lang='lat' dir='ltr'>invisi,</span> <span class='ocrx_word' id='word_1_22' title='bbox 820 619 1164 693; x_wconf 81' lang='lat' dir='ltr'>tandemque</span> <span class='ocrx_word' id='word_1_23' title='bbox 1192 618 1442 675; x_wconf 83' lang='lat' dir='ltr'>fatebere</span> <span class='ocrx_word' id='word_1_24' title='bbox 1469 617 1652 690; x_wconf 82' lang='lat' dir='ltr'>laetus,</span> 
     </span>
    </p>

    <p class='ocr_par' dir='ltr' id='par_1_4' title="bbox 312 696 1956 770">
     <span class='ocr_line' id='line_1_6' title="bbox 312 696 1956 770; baseline 0.001 -16"><span class='ocrx_word' id='word_1_25' title='bbox 312 696 444 754; x_wconf 90' lang='lat' dir='ltr'>Nec</span> <span class='ocrx_word' id='word_1_26' title='bbox 471 699 707 754; x_wconf 89' lang='lat' dir='ltr'>surdum</span> <span class='ocrx_word' id='word_1_27' title='bbox 735 715 847 754; x_wconf 86' lang='lat' dir='ltr'>nec</span> <span class='ocrx_word' id='word_1_28' title='bbox 875 697 1165 754; x_wconf 81' lang='lat' dir='ltr'>Tiresiam</span> <span class='ocrx_word' id='word_1_29' title='bbox 1191 712 1517 770; x_wconf 81' lang='lat' dir='ltr'>quenquam</span> <span class='ocrx_word' id='word_1_30' title='bbox 1545 715 1671 754; x_wconf 86' lang='lat' dir='ltr'>esse</span> <span class='ocrx_word' id='word_1_31' title='bbox 1698 698 1956 756; x_wconf 81' lang='lat' dir='ltr'>deorum.</span> 
     </span>
    </p>
   </div>
   <div class='ocr_carea' id='block_1_3' title="bbox 1048 1009 1566 1068">
    <p class='ocr_par' dir='ltr' id='par_1_5' title="bbox 1048 1009 1566 1068">
     <span class='ocr_line' id='line_1_7' title="bbox 1048 1009 1566 1068; baseline 0.004 -2"><span class='ocrx_word' id='word_1_32' title='bbox 1048 1009 1369 1068; x_wconf 88' lang='lat' dir='ltr'>SATIRA</span> <span class='ocrx_word' id='word_1_33' title='bbox 1398 1010 1566 1068; x_wconf 89' lang='lat' dir='ltr'><strong>XIV.</strong></span> 
     </span>
    </p>
   </div>
   <div class='ocr_carea' id='block_1_4' title="bbox 309 1164 1959 3714">
    <p class='ocr_par' dir='ltr' id='par_1_6' title="bbox 309 1164 1958 3714">
     <span class='ocr_line' id='line_1_8' title="bbox 393 1164 1914 1242; baseline 0.001 -19"><span class='ocrx_word' id='word_1_34' title='bbox 393 1167 675 1223; x_wconf 70' lang='lat' dir='ltr'>anum</span> <span class='ocrx_word' id='word_1_35' title='bbox 701 1175 855 1236; x_wconf 85' lang='lat' dir='ltr'>sunt,</span> <span class='ocrx_word' id='word_1_36' title='bbox 885 1164 1158 1238; x_wconf 87' lang='lat' dir='ltr'>Fuscine,</span> <span class='ocrx_word' id='word_1_37' title='bbox 1188 1178 1247 1224; x_wconf 89' lang='lat' dir='ltr'>et</span> <span class='ocrx_word' id='word_1_38' title='bbox 1276 1166 1428 1224; x_wconf 65' lang='lat' dir='ltr'>firma</span> <span class='ocrx_word' id='word_1_39' title='bbox 1457 1167 1635 1242; x_wconf 86' lang='lat' dir='ltr'>digna</span> <span class='ocrx_word' id='word_1_40' title='bbox 1660 1167 1914 1238; x_wconf 61' lang='lat' dir='ltr'>sinistra,</span> 
     </span>
     <span class='ocr_line' id='line_1_9' title="bbox 311 1243 1717 1320; baseline 0.001 -21"><span class='ocrx_word' id='word_1_41' title='bbox 311 1243 391 1300; x_wconf 89' lang='lat' dir='ltr'>Et</span> <span class='ocrx_word' id='word_1_42' title='bbox 418 1243 616 1301; x_wconf 89' lang='lat' dir='ltr'>nitidis</span> <span class='ocrx_word' id='word_1_43' title='bbox 643 1243 927 1300; x_wconf 83' lang='lat' dir='ltr'>maculam</span> <span class='ocrx_word' id='word_1_44' title='bbox 957 1244 1234 1301; x_wconf 81' lang='lat' dir='ltr'>haesuram</span> <span class='ocrx_word' id='word_1_45' title='bbox 1266 1244 1502 1320; x_wconf 83' lang='lat' dir='ltr'>figentia</span> <span class='ocrx_word' id='word_1_46' title='bbox 1528 1245 1717 1316; x_wconf 73' lang='lat' dir='ltr'>rebuS,</span> 
     </span>
     <span class='ocr_line' id='line_1_10' title="bbox 309 1320 1831 1397; baseline -0.001 -16"><span class='ocrx_word' id='word_1_47' title='bbox 309 1321 466 1381; x_wconf 79' lang='lat' dir='ltr'>Quae</span> <span class='ocrx_word' id='word_1_48' title='bbox 494 1332 811 1378; x_wconf 88' lang='lat' dir='ltr'>monstrant</span> <span class='ocrx_word' id='word_1_49' title='bbox 837 1320 941 1395; x_wconf 91' lang='lat' dir='ltr'>ipsi</span> <span class='ocrx_word' id='word_1_50' title='bbox 962 1321 1154 1396; x_wconf 89' lang='lat' dir='ltr'>pueris</span> <span class='ocrx_word' id='word_1_51' title='bbox 1180 1323 1523 1396; x_wconf 90' lang='lat' dir='ltr'>traduntque</span> <span class='ocrx_word' id='word_1_52' title='bbox 1549 1331 1831 1397; x_wconf 73' lang='lat' dir='ltr'>parentes.</span> 
     </span>
     <span class='ocr_line' id='line_1_11' title="bbox 313 1399 1744 1473; baseline 0.001 -19"><span class='ocrx_word' id='word_1_53' title='bbox 313 1399 381 1454; x_wconf 90' lang='lat' dir='ltr'>Si</span> <span class='ocrx_word' id='word_1_54' title='bbox 410 1399 687 1455; x_wconf 89' lang='lat' dir='ltr'>damnosa</span> <span class='ocrx_word' id='word_1_55' title='bbox 716 1407 912 1456; x_wconf 85' lang='lat' dir='ltr'>senem</span> <span class='ocrx_word' id='word_1_56' title='bbox 934 1399 1092 1473; x_wconf 86' lang='lat' dir='ltr'>juvat</span> <span class='ocrx_word' id='word_1_57' title='bbox 1120 1399 1262 1470; x_wconf 86' lang='lat' dir='ltr'>alea,</span> <span class='ocrx_word' id='word_1_58' title='bbox 1290 1399 1440 1456; x_wconf 85' lang='lat' dir='ltr'>ludit</span> <span class='ocrx_word' id='word_1_59' title='bbox 1473 1410 1534 1456; x_wconf 87' lang='lat' dir='ltr'>et</span> <span class='ocrx_word' id='word_1_60' title='bbox 1561 1400 1744 1456; x_wconf 82' lang='lat' dir='ltr'>haeres</span> 
     </span>
     <span class='ocr_line' id='line_1_12' title="bbox 312 1475 1801 1551; baseline 0.001 -19"><span class='ocrx_word' id='word_1_61' title='bbox 312 1475 592 1546; x_wconf 87' lang='lat' dir='ltr'>Bullatus‚</span> <span class='ocrx_word' id='word_1_62' title='bbox 622 1494 903 1551; x_wconf 88' lang='lat' dir='ltr'>parvoque</span> <span class='ocrx_word' id='word_1_63' title='bbox 929 1476 1130 1532; x_wconf 89' lang='lat' dir='ltr'>eadem</span> <span class='ocrx_word' id='word_1_64' title='bbox 1159 1487 1346 1534; x_wconf 83' lang='lat' dir='ltr'>movet</span> <span class='ocrx_word' id='word_1_65' title='bbox 1372 1495 1532 1534; x_wconf 86' lang='lat' dir='ltr'>arma</span> <span class='ocrx_word' id='word_1_66' title='bbox 1557 1477 1766 1534; x_wconf 80' lang='lat' dir='ltr'>fritillo.</span> <span class='ocrx_word' id='word_1_67' title='bbox 1797 1508 1801 1512; x_wconf 61' lang='lat'>&gt;</span> 
     </span>
     <span class='ocr_line' id='line_1_13' title="bbox 313 1553 1819 1629; baseline 0.001 -19"><span class='ocrx_word' id='word_1_68' title='bbox 313 1553 444 1610; x_wconf 90' lang='lat' dir='ltr'>Nec</span> <span class='ocrx_word' id='word_1_69' title='bbox 471 1553 675 1610; x_wconf 87' lang='lat' dir='ltr'>melius</span> <span class='ocrx_word' id='word_1_70' title='bbox 701 1554 774 1610; x_wconf 93' lang='lat' dir='ltr'>de</span> <span class='ocrx_word' id='word_1_71' title='bbox 803 1572 863 1609; x_wconf 88' lang='lat' dir='ltr'>se</span> <span class='ocrx_word' id='word_1_72' title='bbox 891 1554 1156 1628; x_wconf 83' lang='lat' dir='ltr'>cuiquam</span> <span class='ocrx_word' id='word_1_73' title='bbox 1183 1572 1409 1629; x_wconf 89' lang='lat' dir='ltr'>sperare</span> <span class='ocrx_word' id='word_1_74' title='bbox 1436 1555 1754 1629; x_wconf 89' lang='lat' dir='ltr'>propinquo</span> <span class='ocrx_word' id='word_1_75' title='bbox 1818 1562 1819 1569; x_wconf 77' lang='grc'>’</span> 
     </span>
     <span class='ocr_line' id='line_1_14' title="bbox 313 1631 1670 1706; baseline -0.002 -17"><span class='ocrx_word' id='word_1_76' title='bbox 313 1632 614 1689; x_wconf 87' lang='lat' dir='ltr'>Concedet</span> <span class='ocrx_word' id='word_1_77' title='bbox 633 1631 879 1706; x_wconf 74' lang='lat' dir='ltr'>juveniS,</span> <span class='ocrx_word' id='word_1_78' title='bbox 906 1632 1003 1704; x_wconf 86' lang='lat' dir='ltr'>qui</span> <span class='ocrx_word' id='word_1_79' title='bbox 1030 1632 1229 1688; x_wconf 88' lang='lat' dir='ltr'>radere</span> <span class='ocrx_word' id='word_1_80' title='bbox 1257 1632 1458 1689; x_wconf 89' lang='lat' dir='ltr'>tubera</span> <span class='ocrx_word' id='word_1_81' title='bbox 1485 1641 1670 1703; x_wconf 80' lang='lat' dir='ltr'>terrae,</span> 
     </span>
     <span class='ocr_line' id='line_1_15' title="bbox 313 1708 1626 1783; baseline 0 -17"><span class='ocrx_word' id='word_1_82' title='bbox 313 1709 579 1766; x_wconf 87' lang='lat' dir='ltr'>Boletum</span> <span class='ocrx_word' id='word_1_83' title='bbox 606 1709 864 1778; x_wconf 90' lang='lat' dir='ltr'>condire,</span> <span class='ocrx_word' id='word_1_84' title='bbox 892 1719 951 1765; x_wconf 92' lang='lat' dir='ltr'>et</span> <span class='ocrx_word' id='word_1_85' title='bbox 977 1709 1183 1766; x_wconf 90' lang='lat' dir='ltr'>eodem</span> <span class='ocrx_word' id='word_1_86' title='bbox 1206 1708 1334 1783; x_wconf 85' lang='lat' dir='ltr'>jure</span> <span class='ocrx_word' id='word_1_87' title='bbox 1362 1719 1626 1766; x_wconf 84' lang='lat' dir='ltr'>natantes</span> 
     </span>
     <span class='ocr_line' id='line_1_16' title="bbox 313 1785 1729 1862; baseline 0 -19"><span class='ocrx_word' id='word_1_88' title='bbox 313 1786 580 1862; x_wconf 88' lang='lat' dir='ltr'>Mergere</span> <span class='ocrx_word' id='word_1_89' title='bbox 609 1786 886 1843; x_wconf 85' lang='lat' dir='ltr'>ficedulas</span> <span class='ocrx_word' id='word_1_90' title='bbox 906 1785 1127 1856; x_wconf 78' lang='lat' dir='ltr'>didicit,</span> <span class='ocrx_word' id='word_1_91' title='bbox 1156 1785 1443 1843; x_wconf 87' lang='lat' dir='ltr'>nebulone</span> <span class='ocrx_word' id='word_1_92' title='bbox 1470 1795 1729 1861; x_wconf 81' lang='lat' dir='ltr'>parente,</span> 
     </span>
     <span class='ocr_line' id='line_1_17' title="bbox 313 1861 1929 1952; baseline 0 -31"><span class='ocrx_word' id='word_1_93' title='bbox 313 1864 392 1921; x_wconf 89' lang='lat' dir='ltr'>Et</span> <span class='ocrx_word' id='word_1_94' title='bbox 419 1865 567 1921; x_wconf 68' lang='lat' dir='ltr'>cana</span> <span class='ocrx_word' id='word_1_95' title='bbox 587 1872 941 1921; x_wconf 87' lang='lat' dir='ltr'>monstrante</span> <span class='ocrx_word' id='word_1_96' title='bbox 968 1862 1121 1937; x_wconf 68' lang='lat' dir='ltr'>gula.</span> <span class='ocrx_word' id='word_1_97' title='bbox 1202 1861 1409 1952; x_wconf 79' lang='lat' dir='ltr'>Quum</span> <span class='ocrx_word' id='word_1_98' title='bbox 1435 1864 1711 1938; x_wconf 85' lang='lat' dir='ltr'>septimus</span> <span class='ocrx_word' id='word_1_99' title='bbox 1737 1874 1929 1921; x_wconf 68' lang='lat' dir='ltr'>anm</span> 
     </span>
     <span class='ocr_line' id='line_1_18' title="bbox 313 1940 1786 2016; baseline -0.001 -17"><span class='ocrx_word' id='word_1_100' title='bbox 313 1940 638 1999; x_wconf 90' lang='lat' dir='ltr'>Transierit</span> <span class='ocrx_word' id='word_1_101' title='bbox 662 1959 864 2016; x_wconf 91' lang='lat' dir='ltr'>puero,</span> <span class='ocrx_word' id='word_1_102' title='bbox 893 1941 1148 1996; x_wconf 90' lang='lat' dir='ltr'>nondum</span> <span class='ocrx_word' id='word_1_103' title='bbox 1175 1940 1334 1997; x_wconf 90' lang='lat' dir='ltr'>omni</span> <span class='ocrx_word' id='word_1_104' title='bbox 1366 1940 1540 1998; x_wconf 87' lang='lat' dir='ltr'>dente</span> <span class='ocrx_word' id='word_1_105' title='bbox 1566 1949 1786 2013; x_wconf 67' lang='lat' dir='ltr'>renato,</span> 
     </span>
     <span class='ocr_line' id='line_1_19' title="bbox 315 2017 1785 2095; baseline -0.001 -18"><span class='ocrx_word' id='word_1_106' title='bbox 315 2020 592 2077; x_wconf 86' lang='lat' dir='ltr'>Barbatos</span> <span class='ocrx_word' id='word_1_107' title='bbox 618 2017 759 2077; x_wconf 86' lang='lat' dir='ltr'>licet</span> <span class='ocrx_word' id='word_1_108' title='bbox 786 2019 1087 2075; x_wconf 87' lang='lat' dir='ltr'>admoveas</span> <span class='ocrx_word' id='word_1_109' title='bbox 1115 2018 1269 2075; x_wconf 87' lang='lat' dir='ltr'>mille</span> <span class='ocrx_word' id='word_1_110' title='bbox 1298 2019 1434 2075; x_wconf 91' lang='lat' dir='ltr'>inde</span> <span class='ocrx_word' id='word_1_111' title='bbox 1463 2018 1785 2095; x_wconf 77' lang='lat' dir='ltr'>magistros,</span> 
     </span>
     <span class='ocr_line' id='line_1_20' title="bbox 314 2096 1647 2174; baseline -0.002 -18"><span class='ocrx_word' id='word_1_112' title='bbox 314 2099 476 2156; x_wconf 90' lang='lat' dir='ltr'>Hinc</span> <span class='ocrx_word' id='word_1_113' title='bbox 504 2098 760 2170; x_wconf 88' lang='lat' dir='ltr'>totidem,</span> <span class='ocrx_word' id='word_1_114' title='bbox 789 2096 982 2174; x_wconf 90' lang='lat' dir='ltr'>cupiet</span> <span class='ocrx_word' id='word_1_115' title='bbox 1008 2097 1162 2155; x_wconf 89' lang='lat' dir='ltr'>lauto</span> <span class='ocrx_word' id='word_1_116' title='bbox 1188 2114 1419 2154; x_wconf 81' lang='lat' dir='ltr'>coenare</span> <span class='ocrx_word' id='word_1_117' title='bbox 1446 2107 1647 2173; x_wconf 87' lang='lat' dir='ltr'>paratu</span> 
     </span>
     <span class='ocr_line' id='line_1_21' title="bbox 316 2172 1726 2251; baseline -0.001 -18"><span class='ocrx_word' id='word_1_118' title='bbox 316 2178 576 2251; x_wconf 86' lang='lat' dir='ltr'>Semper,</span> <span class='ocrx_word' id='word_1_119' title='bbox 606 2186 662 2233; x_wconf 91' lang='lat' dir='ltr'>et</span> <span class='ocrx_word' id='word_1_120' title='bbox 690 2195 725 2232; x_wconf 91' lang='lat' dir='ltr'>a</span> <span class='ocrx_word' id='word_1_121' title='bbox 750 2176 962 2250; x_wconf 67' lang='lat' dir='ltr'>magna</span> <span class='ocrx_word' id='word_1_122' title='bbox 991 2193 1107 2231; x_wconf 90' lang='lat' dir='ltr'>non</span> <span class='ocrx_word' id='word_1_123' title='bbox 1135 2176 1485 2250; x_wconf 83' lang='lat' dir='ltr'>degenerare</span> <span class='ocrx_word' id='word_1_124' title='bbox 1512 2172 1726 2233; x_wconf 61' lang='lat' dir='ltr'>culini.</span> 
     </span>
     <span class='ocr_line' id='line_1_22' title="bbox 315 2252 1900 2327; baseline 0.001 -18"><span class='ocrx_word' id='word_1_125' title='bbox 315 2253 521 2311; x_wconf 89' lang='lat' dir='ltr'>Mitem</span> <span class='ocrx_word' id='word_1_126' title='bbox 550 2254 804 2311; x_wconf 89' lang='lat' dir='ltr'>animum</span> <span class='ocrx_word' id='word_1_127' title='bbox 831 2265 889 2310; x_wconf 91' lang='lat' dir='ltr'>et</span> <span class='ocrx_word' id='word_1_128' title='bbox 917 2272 1101 2309; x_wconf 90' lang='lat' dir='ltr'>mores</span> <span class='ocrx_word' id='word_1_129' title='bbox 1129 2252 1372 2310; x_wconf 88' lang='lat' dir='ltr'>modicis</span> <span class='ocrx_word' id='word_1_130' title='bbox 1398 2253 1682 2310; x_wconf 87' lang='lat' dir='ltr'>erroribus</span> <span class='ocrx_word' id='word_1_131' title='bbox 1708 2263 1900 2327; x_wconf 69' lang='lat' dir='ltr'>aequos</span> 
     </span>
     <span class='ocr_line' id='line_1_23' title="bbox 314 2328 1930 2407; baseline -0.001 -19"><span class='ocrx_word' id='word_1_132' title='bbox 314 2331 599 2407; x_wconf 84' lang='lat' dir='ltr'>Praecipit,</span> <span class='ocrx_word' id='word_1_133' title='bbox 628 2341 795 2406; x_wconf 88' lang='lat' dir='ltr'>atque</span> <span class='ocrx_word' id='word_1_134' title='bbox 823 2332 1044 2388; x_wconf 88' lang='lat' dir='ltr'>animas</span> <span class='ocrx_word' id='word_1_135' title='bbox 1070 2347 1360 2388; x_wconf 85' lang='lat' dir='ltr'>servorum</span> <span class='ocrx_word' id='word_1_136' title='bbox 1387 2341 1446 2387; x_wconf 91' lang='lat' dir='ltr'>et</span> <span class='ocrx_word' id='word_1_137' title='bbox 1471 2345 1708 2405; x_wconf 83' lang='lat' dir='ltr'>corpora</span> <span class='ocrx_word' id='word_1_138' title='bbox 1732 2328 1930 2389; x_wconf 56' lang='lat' dir='ltr'>nostrl</span> 
     </span>
     <span class='ocr_line' id='line_1_24' title="bbox 315 2407 1767 2483; baseline -0.001 -18"><span class='ocrx_word' id='word_1_139' title='bbox 315 2408 563 2465; x_wconf 67' lang='lat' dir='ltr'>Materia</span> <span class='ocrx_word' id='word_1_140' title='bbox 589 2419 850 2466; x_wconf 86' lang='lat' dir='ltr'>constare</span> <span class='ocrx_word' id='word_1_141' title='bbox 876 2418 1040 2483; x_wconf 90' lang='lat' dir='ltr'>putat</span> <span class='ocrx_word' id='word_1_142' title='bbox 1059 2408 1404 2483; x_wconf 90' lang='lat' dir='ltr'>paribusque</span> <span class='ocrx_word' id='word_1_143' title='bbox 1431 2407 1767 2477; x_wconf 68' lang='lat' dir='ltr'>elementis-13</span> 
     </span>
     <span class='ocr_line' id='line_1_25' title="bbox 315 2486 1723 2561; baseline -0.001 -17"><span class='ocrx_word' id='word_1_144' title='bbox 315 2488 415 2544; x_wconf 91' lang='lat' dir='ltr'>An</span> <span class='ocrx_word' id='word_1_145' title='bbox 444 2486 641 2543; x_wconf 83' lang='lat' dir='ltr'>saevire</span> <span class='ocrx_word' id='word_1_146' title='bbox 669 2487 837 2543; x_wconf 90' lang='lat' dir='ltr'>docet</span> <span class='ocrx_word' id='word_1_147' title='bbox 864 2486 1118 2557; x_wconf 88' lang='lat' dir='ltr'>Rutilus,</span> <span class='ocrx_word' id='word_1_148' title='bbox 1148 2486 1245 2560; x_wconf 92' lang='lat' dir='ltr'>qui</span> <span class='ocrx_word' id='word_1_149' title='bbox 1274 2487 1489 2561; x_wconf 88' lang='lat' dir='ltr'>gaudet</span> <span class='ocrx_word' id='word_1_150' title='bbox 1515 2486 1723 2543; x_wconf 86' lang='lat' dir='ltr'>acerbo</span> 
     </span>
     <span class='ocr_line' id='line_1_26' title="bbox 316 2532 1749 2639; baseline -0.001 -18"><span class='ocrx_word' id='word_1_151' title='bbox 316 2564 625 2639; x_wconf 86' lang='lat' dir='ltr'>Plagarum</span> <span class='ocrx_word' id='word_1_152' title='bbox 655 2564 911 2639; x_wconf 87' lang='lat' dir='ltr'>strepitu,</span> <span class='ocrx_word' id='word_1_153' title='bbox 939 2573 1000 2620; x_wconf 88' lang='lat' dir='ltr'>et</span> <span class='ocrx_word' id='word_1_154' title='bbox 1025 2532 1243 2622; x_wconf 82' lang='lat' dir='ltr'>nullam</span> <span class='ocrx_word' id='word_1_155' title='bbox 1272 2564 1484 2622; x_wconf 87' lang='lat' dir='ltr'>Sirena</span> <span class='ocrx_word' id='word_1_156' title='bbox 1507 2562 1749 2638; x_wconf 77' lang='lat' dir='ltr'>flagellis</span> 
     </span>
     <span class='ocr_line' id='line_1_27' title="bbox 313 2639 1959 2730; baseline 0 -30"><span class='ocrx_word' id='word_1_157' title='bbox 313 2643 642 2717; x_wconf 85' lang='lat' dir='ltr'>Comparat,</span> <span class='ocrx_word' id='word_1_158' title='bbox 670 2642 1011 2730; x_wconf 83' lang='lat' dir='ltr'>Antiphates</span> <span class='ocrx_word' id='word_1_159' title='bbox 1035 2642 1241 2718; x_wconf 87' lang='lat' dir='ltr'>trepidi</span> <span class='ocrx_word' id='word_1_160' title='bbox 1267 2641 1422 2714; x_wconf 81' lang='lat' dir='ltr'>lariS,</span> <span class='ocrx_word' id='word_1_161' title='bbox 1452 2658 1522 2698; x_wconf 85' lang='lat' dir='ltr'>ac</span> <span class='ocrx_word' id='word_1_162' title='bbox 1557 2639 1959 2719; x_wconf 62' lang='lat' dir='ltr'>Pblyphemufl,</span> 
     </span>
     <span class='ocr_line' id='line_1_28' title="bbox 312 2718 1593 2794; baseline 0 -17"><span class='ocrx_word' id='word_1_163' title='bbox 312 2719 476 2778; x_wconf 86' lang='lat' dir='ltr'>Tum</span> <span class='ocrx_word' id='word_1_164' title='bbox 504 2718 655 2790; x_wconf 86' lang='lat' dir='ltr'>felix,</span> <span class='ocrx_word' id='word_1_165' title='bbox 683 2719 905 2793; x_wconf 86' lang='lat' dir='ltr'>quoties</span> <span class='ocrx_word' id='word_1_166' title='bbox 931 2720 1131 2794; x_wconf 86' lang='lat' dir='ltr'>aliquis</span> <span class='ocrx_word' id='word_1_167' title='bbox 1157 2729 1365 2778; x_wconf 89' lang='lat' dir='ltr'>tortore</span> <span class='ocrx_word' id='word_1_168' title='bbox 1391 2728 1593 2777; x_wconf 78' lang='lat' dir='ltr'>vocato</span> 
     </span>
     <span class='ocr_line' id='line_1_29' title="bbox 317 2796 1572 2886; baseline -0.002 -31"><span class='ocrx_word' id='word_1_169' title='bbox 317 2797 510 2856; x_wconf 88' lang='lat' dir='ltr'>Uritur</span> <span class='ocrx_word' id='word_1_170' title='bbox 539 2796 762 2854; x_wconf 87' lang='lat' dir='ltr'>ardenti</span> <span class='ocrx_word' id='word_1_171' title='bbox 789 2798 905 2855; x_wconf 89' lang='lat' dir='ltr'>duo</span> <span class='ocrx_word' id='word_1_172' title='bbox 912 2808 1154 2886; x_wconf 35' lang='lat' dir='ltr'>‘propter</span> <span class='ocrx_word' id='word_1_173' title='bbox 1180 2798 1358 2855; x_wconf 86' lang='lat' dir='ltr'>lintea</span> <span class='ocrx_word' id='word_1_174' title='bbox 1384 2798 1572 2855; x_wconf 65' lang='lat' dir='ltr'>terre?</span> 
     </span>
     <span class='ocr_line' id='line_1_30' title="bbox 312 2873 1650 2949; baseline -0.003 -14"><span class='ocrx_word' id='word_1_175' title='bbox 312 2875 481 2936; x_wconf 79' lang='lat' dir='ltr'>Quid</span> <span class='ocrx_word' id='word_1_176' title='bbox 509 2873 753 2932; x_wconf 88' lang='lat' dir='ltr'>suadet</span> <span class='ocrx_word' id='word_1_177' title='bbox 732 2874 929 2949; x_wconf 70' lang='lat' dir='ltr'>juveni</span> <span class='ocrx_word' id='word_1_178' title='bbox 951 2875 1114 2932; x_wconf 80' lang='lat' dir='ltr'>laetus</span> <span class='ocrx_word' id='word_1_179' title='bbox 1137 2876 1382 2933; x_wconf 85' lang='lat' dir='ltr'>stridore</span> <span class='ocrx_word' id='word_1_180' title='bbox 1409 2884 1650 2947; x_wconf 54' lang='lat' dir='ltr'>catenat,</span> 
     </span>
     <span class='ocr_line' id='line_1_31' title="bbox 313 2950 1828 3028; baseline -0.001 -16"><span class='ocrx_word' id='word_1_181' title='bbox 313 2953 514 3013; x_wconf 79' lang='lat' dir='ltr'>Quem</span> <span class='ocrx_word' id='word_1_182' title='bbox 543 2950 687 3009; x_wconf 87' lang='lat' dir='ltr'>mire</span> <span class='ocrx_word' id='word_1_183' title='bbox 716 2952 975 3009; x_wconf 88' lang='lat' dir='ltr'>afficiunt</span> <span class='ocrx_word' id='word_1_184' title='bbox 1000 2952 1275 3028; x_wconf 80' lang='lat' dir='ltr'>inscripta</span> <span class='ocrx_word' id='word_1_185' title='bbox 1300 2953 1605 3028; x_wconf 70' lang='lat' dir='ltr'>ergastula,</span> <span class='ocrx_word' id='word_1_186' title='bbox 1624 2963 1828 3011; x_wconf 77' lang='lat' dir='ltr'>carcer</span> 
     </span>
     <span class='ocr_line' id='line_1_32' title="bbox 315 3029 1896 3108; baseline 0.001 -21"><span class='ocrx_word' id='word_1_187' title='bbox 315 3030 638 3087; x_wconf 65' lang='lat' dir='ltr'>Rusticus?</span> <span class='ocrx_word' id='word_1_188' title='bbox 717 3029 1049 3108; x_wconf 83' lang='lat' dir='ltr'>Exspectas,</span> <span class='ocrx_word' id='word_1_189' title='bbox 1079 3040 1142 3087; x_wconf 90' lang='lat' dir='ltr'>ut</span> <span class='ocrx_word' id='word_1_190' title='bbox 1167 3050 1283 3088; x_wconf 89' lang='lat' dir='ltr'>non</span> <span class='ocrx_word' id='word_1_191' title='bbox 1312 3032 1385 3087; x_wconf 87' lang='lat' dir='ltr'>sit</span> <span class='ocrx_word' id='word_1_192' title='bbox 1405 3030 1663 3090; x_wconf 83' lang='lat' dir='ltr'>adultera</span> <span class='ocrx_word' id='word_1_193' title='bbox 1690 3029 1896 3107; x_wconf 66' lang='lat' dir='ltr'>Largo</span> 
     </span>
     <span class='ocr_line' id='line_1_33' title="bbox 319 3106 1784 3203; baseline 0.001 -40"><span class='ocrx_word' id='word_1_194' title='bbox 319 3106 492 3179; x_wconf 83' lang='lat' dir='ltr'>Filia,</span> <span class='ocrx_word' id='word_1_195' title='bbox 523 3126 648 3203; x_wconf 79' lang='lat' dir='ltr'>quoe</span> <span class='ocrx_word' id='word_1_196' title='bbox 676 3125 971 3181; x_wconf 90' lang='lat' dir='ltr'>nunquam</span> <span class='ocrx_word' id='word_1_197' title='bbox 998 3117 1283 3165; x_wconf 88' lang='lat' dir='ltr'>maternos</span> <span class='ocrx_word' id='word_1_198' title='bbox 1311 3109 1503 3165; x_wconf 88' lang='lat' dir='ltr'>dicere</span> <span class='ocrx_word' id='word_1_199' title='bbox 1529 3109 1784 3178; x_wconf 75' lang='lat' dir='ltr'>moechos</span> 
     </span>
     <span class='ocr_line' id='line_1_34' title="bbox 316 3183 1754 3260; baseline 0.001 -19"><span class='ocrx_word' id='word_1_200' title='bbox 316 3185 471 3241; x_wconf 90' lang='lat' dir='ltr'>Tam</span> <span class='ocrx_word' id='word_1_201' title='bbox 499 3183 636 3255; x_wconf 73' lang='lat' dir='ltr'>cito,</span> <span class='ocrx_word' id='word_1_202' title='bbox 665 3203 777 3241; x_wconf 90' lang='lat' dir='ltr'>nec</span> <span class='ocrx_word' id='word_1_203' title='bbox 805 3195 963 3242; x_wconf 89' lang='lat' dir='ltr'>tanto</span> <span class='ocrx_word' id='word_1_204' title='bbox 987 3185 1194 3260; x_wconf 88' lang='lat' dir='ltr'>poterit</span> <span class='ocrx_word' id='word_1_205' title='bbox 1220 3197 1531 3243; x_wconf 86' lang='lat' dir='ltr'>contexere</span> <span class='ocrx_word' id='word_1_206' title='bbox 1559 3204 1754 3259; x_wconf 84' lang='lat' dir='ltr'>cursu,</span> 
     </span>
     <span class='ocr_line' id='line_1_35' title="bbox 317 3262 1717 3338; baseline 0.001 -19"><span class='ocrx_word' id='word_1_207' title='bbox 317 3263 395 3320; x_wconf 90' lang='lat' dir='ltr'>Ut</span> <span class='ocrx_word' id='word_1_208' title='bbox 423 3282 538 3320; x_wconf 90' lang='lat' dir='ltr'>non</span> <span class='ocrx_word' id='word_1_209' title='bbox 567 3273 651 3320; x_wconf 89' lang='lat' dir='ltr'>ter</span> <span class='ocrx_word' id='word_1_210' title='bbox 680 3262 875 3320; x_wconf 91' lang='lat' dir='ltr'>decies</span> <span class='ocrx_word' id='word_1_211' title='bbox 902 3263 1187 3338; x_wconf 69' lang='lat' dir='ltr'>respiret?</span> <span class='ocrx_word' id='word_1_212' title='bbox 1269 3264 1523 3322; x_wconf 86' lang='lat' dir='ltr'>Conscia</span> <span class='ocrx_word' id='word_1_213' title='bbox 1548 3263 1717 3321; x_wconf 88' lang='lat' dir='ltr'>matri</span> 
     </span>
     <span class='ocr_line' id='line_1_36' title="bbox 317 3340 1734 3416; baseline 0 -19"><span class='ocrx_word' id='word_1_214' title='bbox 317 3341 499 3415; x_wconf 90' lang='lat' dir='ltr'>Virgo</span> <span class='ocrx_word' id='word_1_215' title='bbox 526 3340 664 3397; x_wconf 88' lang='lat' dir='ltr'>fuit.</span> <span class='ocrx_word' id='word_1_216' title='bbox 706 3358 868 3398; x_wconf 88' lang='lat' dir='ltr'>ceras</span> <span class='ocrx_word' id='word_1_217' title='bbox 895 3359 1054 3398; x_wconf 90' lang='lat' dir='ltr'>nunc</span> <span class='ocrx_word' id='word_1_218' title='bbox 1082 3341 1193 3398; x_wconf 89' lang='lat' dir='ltr'>hac</span> <span class='ocrx_word' id='word_1_219' title='bbox 1219 3342 1473 3399; x_wconf 88' lang='lat' dir='ltr'>dictante</span> <span class='ocrx_word' id='word_1_220' title='bbox 1499 3341 1734 3416; x_wconf 84' lang='lat' dir='ltr'>pusillas</span> 
     </span>
     <span class='ocr_line' id='line_1_37' title="bbox 317 3415 1834 3493; baseline 0 -19"><span class='ocrx_word' id='word_1_221' title='bbox 317 3418 546 3493; x_wconf 88' lang='lat' dir='ltr'>Implet,</span> <span class='ocrx_word' id='word_1_222' title='bbox 575 3428 634 3475; x_wconf 92' lang='lat' dir='ltr'>et</span> <span class='ocrx_word' id='word_1_223' title='bbox 654 3419 727 3475; x_wconf 90' lang='lat' dir='ltr'>ad</span> <span class='ocrx_word' id='word_1_224' title='bbox 755 3421 1008 3476; x_wconf 86' lang='lat' dir='ltr'>moechos</span> <span class='ocrx_word' id='word_1_225' title='bbox 1036 3420 1134 3476; x_wconf 92' lang='lat' dir='ltr'>dat</span> <span class='ocrx_word' id='word_1_226' title='bbox 1159 3420 1377 3476; x_wconf 91' lang='lat' dir='ltr'>eisdem</span> <span class='ocrx_word' id='word_1_227' title='bbox 1400 3420 1550 3476; x_wconf 83' lang='lat' dir='ltr'>ferre</span> <span class='ocrx_word' id='word_1_228' title='bbox 1577 3415 1834 3476; x_wconf 78' lang='lat' dir='ltr'>cinaedis.</span> 
     </span>
     <span class='ocr_line' id='line_1_38' title="bbox 318 3494 1567 3571; baseline -0.001 -19"><span class='ocrx_word' id='word_1_229' title='bbox 318 3495 421 3552; x_wconf 89' lang='lat' dir='ltr'>Sic</span> <span class='ocrx_word' id='word_1_230' title='bbox 448 3507 651 3553; x_wconf 86' lang='lat' dir='ltr'>natura</span> <span class='ocrx_word' id='word_1_231' title='bbox 672 3496 869 3571; x_wconf 86' lang='lat' dir='ltr'>jubet:</span> <span class='ocrx_word' id='word_1_232' title='bbox 899 3494 1152 3554; x_wconf 69' lang='lat' dir='ltr'>velocius</span> <span class='ocrx_word' id='word_1_233' title='bbox 1178 3507 1237 3553; x_wconf 89' lang='lat' dir='ltr'>et</span> <span class='ocrx_word' id='word_1_234' title='bbox 1262 3495 1435 3554; x_wconf 89' lang='lat' dir='ltr'>citius</span> <span class='ocrx_word' id='word_1_235' title='bbox 1461 3513 1567 3552; x_wconf 88' lang='lat' dir='ltr'>nos</span> 
     </span>
     <span class='ocr_line' id='line_1_39' title="bbox 318 3571 1901 3649; baseline 0 -19"><span class='ocrx_word' id='word_1_236' title='bbox 318 3573 711 3648; x_wconf 86' lang='lat' dir='ltr'>Corrumpunt</span> <span class='ocrx_word' id='word_1_237' title='bbox 736 3573 999 3630; x_wconf 83' lang='lat' dir='ltr'>vitiorum</span> <span class='ocrx_word' id='word_1_238' title='bbox 1027 3575 1287 3649; x_wconf 85' lang='lat' dir='ltr'>exempla</span> <span class='ocrx_word' id='word_1_239' title='bbox 1315 3572 1646 3643; x_wconf 90' lang='lat' dir='ltr'>domestica,</span> <span class='ocrx_word' id='word_1_240' title='bbox 1674 3571 1901 3647; x_wconf 74' lang='lat' dir='ltr'>magnis</span> 
     </span>
     <span class='ocr_line' id='line_1_40' title="bbox 315 3649 1904 3714; baseline 0 -6"><span class='ocrx_word' id='word_1_241' title='bbox 315 3652 519 3714; x_wconf 79' lang='lat' dir='ltr'>Quum</span> <span class='ocrx_word' id='word_1_242' title='bbox 548 3652 797 3708; x_wconf 88' lang='lat' dir='ltr'>subeunt</span> <span class='ocrx_word' id='word_1_243' title='bbox 822 3651 1042 3709; x_wconf 86' lang='lat' dir='ltr'>animos</span> <span class='ocrx_word' id='word_1_244' title='bbox 1063 3652 1409 3708; x_wconf 88' lang='lat' dir='ltr'>auctoribus.</span> <span class='ocrx_word' id='word_1_245' title='bbox 1491 3649 1656 3707; x_wconf 80' lang='lat' dir='ltr'>Unus</span> <span class='ocrx_word' id='word_1_246' title='bbox 1676 3660 1736 3707; x_wconf 85' lang='lat' dir='ltr'>et</span> <span class='ocrx_word' id='word_1_247' title='bbox 1760 3650 1904 3709; x_wconf 79' lang='lat' dir='ltr'>alter</span> 
     </span>
    </p>
   </div>
   <div class='ocr_carea' id='block_1_5' title="bbox 320 3725 2085 3806">
    <p class='ocr_par' dir='ltr' id='par_1_7' title="bbox 320 3725 2085 3806">
     <span class='ocr_line' id='line_1_41' title="bbox 320 3725 2085 3806; baseline 0.001 -20"><span class='ocrx_word' id='word_1_248' title='bbox 320 3729 587 3789; x_wconf 77' lang='lat' dir='ltr'>Forsitan</span> <span class='ocrx_word' id='word_1_249' title='bbox 614 3730 740 3788; x_wconf 83' lang='lat' dir='ltr'>haec</span> <span class='ocrx_word' id='word_1_250' title='bbox 766 3740 1038 3806; x_wconf 87' lang='lat' dir='ltr'>spernant</span> <span class='ocrx_word' id='word_1_251' title='bbox 1057 3729 1319 3803; x_wconf 82' lang='lat' dir='ltr'>juvenes,</span> <span class='ocrx_word' id='word_1_252' title='bbox 1346 3728 1553 3803; x_wconf 86' lang='lat' dir='ltr'>quibus</span> <span class='ocrx_word' id='word_1_253' title='bbox 1577 3740 1701 3787; x_wconf 80' lang='lat' dir='ltr'>arte</span> <span class='ocrx_word' id='word_1_254' title='bbox 1727 3725 1984 3804; x_wconf 60' lang='lat' dir='ltr'>benigna</span> <span class='ocrx_word' id='word_1_255' title='bbox 2082 3753 2085 3756; x_wconf 95' lang='lat'>·</span> 
     </span>
    </p>
   </div>
   <div class='ocr_carea' id='block_1_6' title="bbox 2168 136 2303 445">
    <p class='ocr_par' dir='ltr' id='par_1_8' title="bbox 2168 136 2303 445">
     <span class='ocr_line' id='line_1_42' title="bbox 2168 136 2303 445; textangle 90"><span class='ocrx_word' id='word_1_256' title='bbox 2168 136 2303 445; x_wconf 45' lang='grc' dir='ltr'>ξεῖ</span> 
     </span>
    </p>
   </div>
   <div class='ocr_carea' id='block_1_7' title="bbox 2226 1861 2304 1922">
    <p class='ocr_par' dir='ltr' id='par_1_9' title="bbox 2226 1861 2304 1922">
     <span class='ocr_line' id='line_1_43' title="bbox 2226 1861 2304 1922; baseline 0.013 -1"><span class='ocrx_word' id='word_1_257' title='bbox 2226 1861 2304 1922; x_wconf 77' lang='grc'>10</span> 
     </span>
    </p>
   </div>
   <div class='ocr_carea' id='block_1_8' title="bbox 2172 2246 2305 2312">
    <p class='ocr_par' dir='ltr' id='par_1_10' title="bbox 2172 2246 2305 2312">
     <span class='ocr_line' id='line_1_44' title="bbox 2172 2246 2305 2312; baseline 0 0"><span class='ocrx_word' id='word_1_258' title='bbox 2172 2246 2305 2312; x_wconf 70' lang='lat'>&#39;15</span> 
     </span>
    </p>
   </div>
  </div>
 </body>
</html>
