2613 4161
1148 238 1400 287 SA'rmA
1433 239 1510 295 V..

269 386 270 389 ’
325 372 446 431 Ore
473 385 627 433 teres
657 376 901 449 modico,
930 378 1209 453 pallentes
1236 381 1437 438 radere
1467 383 1653 439 mores

326 451 567 526 DoctuS,
597 464 656 510 et
683 455 938 530 ingenuo
961 458 1187 532 culpam
1218 458 1469 534 defigere
1490 460 1651 518 ludo.
1878 526 1883 527 ⁷
2034 525 2045 535 ‚

326 530 486 587 Hinc
513 534 694 604 trahe,
722 552 848 607 quae
878 534 1056 607 dicaS,
1087 554 1459 611 mensamque
1489 537 1747 612 relinque
1775 536 2043 614 Mycenis

326 609 478 665 Cum
507 610 693 685 capite
721 623 779 668 et
804 610 1063 687 pedibuS,
1092 614 1426 688 plebeiaque
1455 617 1695 689 prandia
1723 612 1898 674 noris.

405 688 539 745 Non
570 689 834 762 equidem
865 691 971 747 hoc
1000 693 1218 764 studeo,
1250 692 1479 749 bullatis
1506 705 1568 750 ut
1595 694 1736 751 mihi
1763 695 1934 772 nugis

331 765 554 841 Pagina
573 778 878 842 turgescat,
909 769 1043 825 dare
1070 772 1292 844 pondus
1320 770 1526 828 idonea
1555 771 1727 831 fumo.
1864 838 1867 841 ,

327 844 548 901 Secreti
577 845 871 920 loquimur.
955 847 1093 905 Tibi
1122 867 1299 919 nunc,
1331 849 1590 905 hortante
1620 850 1924 924 Camoen'ii,

334 922 692 980 Excutienda
714 924 916 980 damus
942 927 1288 1000 praecordia:
1331 937 1654 1001 quantaque
1682 940 1891 986 nostrae

330 1000 465 1056 Pars
487 1012 586 1058 tua
614 1001 705 1073 sit,
735 1001 1008 1074 Cornute,
1040 1005 1265 1075 animae,
1295 1004 1418 1076 tibi,
1449 1005 1635 1061 dulcis
1664 1007 1869 1080 amice,

323 1079 665 1136 Ostendisse
692 1081 866 1155 juvat.
955 1082 1143 1155 Pulsa,
1174 1083 1511 1157 dignoscere
1540 1094 1761 1157 cautuS,

321 1156 484 1216 Quid
517 1157 760 1214 solidum
788 1170 1000 1234 crepet,
1029 1172 1087 1217 et
1114 1161 1282 1235 pictae
1311 1160 1550 1218 tectoria
1574 1161 1803 1237 linguae.

326 1235 437 1291 His
464 1255 572 1310 ego
599 1248 872 1293 centenas
900 1238 1078 1294 ausim
1099 1239 1407 1312 deposcere
1437 1258 1626 1310 voceS,

326 1313 420 1383 Ut,
441 1312 723 1388 ‘quantum
752 1315 891 1372 mihi
913 1327 968 1372 te
995 1317 1225 1373 sinuoso
1253 1316 1314 1372 in
1342 1328 1570 1392 pectore
1601 1316 1722 1390 fixi,

327 1391 484 1448 Voce
513 1394 731 1450 traham
756 1395 919 1468 pura,
942 1406 1235 1469 totumque
1266 1395 1376 1450 hoc
1407 1396 1575 1451 verba
1601 1396 1915 1472 resignent,

323 1470 501 1531 Quod
530 1471 665 1527 latet
693 1472 902 1528 arcanii
924 1492 1039 1529 non
1067 1473 1384 1529 enarrabile
1413 1472 1572 1529 fibra.
1972 1537 1979 1543 ,

402 1547 605 1608 Quum
633 1548 878 1625 primum
906 1549 1107 1625 pavido
1136 1562 1329 1608 custos
1356 1551 1496 1607 mihi
1524 1568 1774 1626 purpura
1801 1548 2001 1625 cessit,

325 1625 602 1701 Bullaque
623 1628 933 1684 succinctis
954 1628 1168 1684 laribus
1195 1629 1407 1685 donata
1434 1628 1739 1704 pependit;

323 1703 528 1764 Quum
557 1705 750 1761 blandi
779 1707 1034 1777 comiteS,
1058 1707 1284 1781 totaque
1314 1707 1548 1782 impune
1578 1705 1809 1764 Subura

324 1782 590 1840 Permisit
617 1784 886 1858 sparsisse
915 1785 1110 1841 oculos
1132 1785 1250 1859 jam
1278 1785 1559 1842 candidus
1588 1785 1802 1854 umbo:
1918 1858 1921 1861 Ι

321 1860 637 1936 Quumque
667 1863 771 1917 iter
801 1862 1130 1936 ambiguum
1159 1873 1265 1934 est,
1293 1873 1352 1919 et
1379 1864 1505 1920 vitae
1533 1864 1764 1920 nescius
1784 1882 1941 1922 error

323 1938 564 1996 Diducit
592 1939 840 2015 trepidas
866 1958 1087 1996 ramosa
1114 1940 1174 1996 in
1202 1941 1449 2015 compita
1476 1953 1728 1999 mentes:

325 2016 421 2074 Me
451 2018 552 2074 tibi
582 2018 867 2093 supposui.
952 2017 1213 2075 Teneros
1235 2028 1295 2074 tu
1325 2019 1564 2096 suscipis
1590 2039 1793 2088 annosv

322 2097 635 2168 Socratico,
658 2097 933 2167 Cornute,
963 2098 1110 2153 sinu.
1193 2096 1371 2154 Tunc
1399 2097 1590 2155 fallere
1618 2097 1796 2157 solers

321 2175 601 2249 Apposita
627 2176 863 2232 intortos
889 2175 1137 2232 ostendit
1164 2176 1364 2251 regula
1383 2195 1572 2233 mores
1594 2196 1609 2245 3

321 2253 397 2309 Et
424 2254 693 2327 premitur
722 2254 939 2309 ratione
967 2253 1211 2324 animuS,
1240 2254 1506 2326 vincique
1523 2253 1760 2327 laborat,

324 2331 735 2406 Artificemque
766 2341 864 2387 tuo
893 2331 1052 2387 ducit
1079 2330 1185 2386 sub
1211 2330 1421 2405 pollice
1450 2330 1681 2386 vultum.
1825 2384 1828 2387 ,

321 2406 549 2466 Tecum
578 2410 793 2467 etenim
820 2408 1022 2484 longos
1048 2409 1283 2464 memini
1314 2426 1652 2465 consumere
1679 2410 1846 2481 soles,

320 2485 395 2542 Et
424 2498 615 2544 tecum
641 2488 852 2563 primas
878 2488 1058 2563 epulis
1088 2487 1395 2561 decerpere
1426 2496 1642 2542 noctes.
1796 2547 1799 2550 ,

321 2564 515 2621 Unum
545 2586 686 2641 opus
714 2576 771 2622 et
799 2565 1053 2638 requiem
1081 2565 1288 2640 pariter
1313 2563 1668 2639 disponimus
1695 2563 1893 2637 ambo,'

320 2644 512 2716 Atque
541 2645 864 2699 verecunda
891 2644 1147 2699 laxamus
1175 2642 1324 2699 seria
1351 2641 1567 2699 mensa.
1708 2705 1711 2714 ι
1902 2701 1909 2714 ,

319 2719 455 2777 Non
483 2722 748 2795 equidem
778 2721 885 2777 hoc
907 2722 1149 2793 dubiteS‚
1179 2720 1475 2778 amborum
1504 2717 1717 2777 foedere'
1743 2721 1905 2777 certo

318 2798 662 2855 Consentire
692 2799 832 2869 dies,
864 2810 920 2855 et
949 2800 1020 2855 ab
1050 2818 1166 2856 uno
1194 2798 1380 2855 sidere
1409 2797 1559 2854 duci.

319 2876 534 2933 Nostra
558 2878 642 2933 vel
675 2877 872 2951 aequali
902 2877 1196 2952 suspendit
1222 2887 1478 2951 tempora
1507 2873 1683 2932 Libra

319 2955 502 3011 Parca
530 2967 702 3011 tenax
730 2955 865 3024 veri,
894 2974 994 3010 seu
1018 2966 1156 3022 nata
1179 2955 1442 3011 fidelibus
1470 2955 1609 3010 hora

318 3032 537 3090 Dividit
564 3034 623 3090 in
651 3032 927 3090 Geminos
955 3033 1261 3089 concordia
1289 3032 1405 3089 fata
1431 3032 1698 3106 duorum,
1846 3087 1872 3094 ,,

319 3111 743 3185 Saturnumque
771 3128 999 3185 gravem
1027 3121 1218 3166 nostro
1245 3109 1389 3166 Jove
1417 3108 1733 3185 frangimus
1762 3104 1899 3172 uni.

318 3188 534 3245 Nescio
560 3189 709 3263 quod
738 3185 895 3244 certe
923 3196 1031 3257 est,
1059 3188 1206 3261 quod
1232 3206 1323 3243 me
1352 3185 1453 3243 tibi
1489 3196 1787 3263 temperat,
1817 3163 2052 3266 astruiri'.

397 3266 560 3323 Mille
590 3266 881 3323 hominum
914 3265 1153 3340 specieS,
1182 3275 1239 3321 et
1264 3283 1453 3322 rerum
1482 3263 1725 3322 discolor
1752 3280 1909 3321 usus.

316 3345 481 3402 Velle
510 3363 677 3401 suum
705 3344 911 3419 cuique
939 3354 1043 3415 est,
1076 3363 1184 3399 nec
1213 3354 1341 3400 voto
1379 3343 1580 3400 vivitur
1601 3360 1719 3399 uno

318 3422 614 3479 Mercibus
643 3422 736 3479 hic
763 3421 924 3478 Italis
951 3431 1133 3478 mutat
1154 3421 1261 3477 sub
1289 3422 1408 3478 sole
1436 3417 1657 3478 recenti

315 3502 620 3576 Rugosum
646 3500 823 3574 piper,
852 3511 910 3556 et
934 3499 1199 3574 pallentis
1221 3518 1401 3575 grana
1428 3495 1680 3553 cumini:

314 3580 434 3637 Hic
463 3589 619 3634 satur
645 3577 858 3652 irriguo
885 3577 1096 3633 mavult
1122 3587 1448 3651 turgescere
1471 3590 1704 3630 somno:
1836 3629 1839 3636 ,

316 3658 433 3714 Hic
462 3655 683 3732 Campo
710 3655 1000 3731 indulget:
1047 3655 1201 3711 hunc
1232 3653 1357 3710 alea
1384 3650 1689 3725 decoquit:
1732 3648 1851 3732 ille,
1920 3709 1955 3732 A,
1985 3709 1993 3722 ξ

317 3735 384 3794 [n
413 3735 701 3792 Venerem
725 3747 817 3792 est
845 3732 1058 3808 putris:
1102 3733 1201 3788 sed
1230 3749 1403 3806 quum
1431 3727 1688 3805 lapidosa
1715 3728 1995 3805 cheragra?

785 3811 825 3867 9
853 3809 887 3842 8

2195 226 2311 309 roi

2231 383 2312 446 15
