2613 4161
1122 258 1372 313 SATIRA
1409 265 1500 312 lv.

321 404 555 462 Excutit
580 423 613 463 e
643 405 939 462 inanibus:
982 405 1184 463 dentes
1211 403 1487 480 crepuere
1513 406 1747 463 retecti:

322 483 511 540 Uncta
538 483 754 539 cadunt
781 483 923 540 laxis
951 493 1091 539 tunc
1119 484 1498 558 pulmentaria
1524 484 1714 542 labris.

325 562 481 617 Hinc
508 562 664 631 tuba,
693 562 985 618 candelae:
1029 563 1371 635 tandemque
1402 563 1660 619 beatulus
1688 562 1803 622 alto

321 640 684 714 Compositus
711 640 879 710 lecto,
909 641 1222 723 crassisque
1251 640 1463 696 lutatus
1490 642 1748 713 amomiS,

327 718 394 773 In
424 731 638 792 portam
666 718 878 805 rigidos
906 712 1095 773 calces
1122 719 1410 775 extendit:
1454 730 1511 775 at
1540 719 1697 774 illum

326 795 596 852 Hesterni
624 796 810 869 capite
839 796 1039 853 induto
1067 794 1294 854 subiere
1321 796 1598 856 Quirites

405 873 651 949 ‘Tange
681 874 851 930 miser
880 892 1071 944 venaS,
1103 884 1160 930 et
1187 893 1337 948 pone
1365 875 1422 930 in
1451 887 1682 963 pectore
1709 874 1997 933 dextram:

325 952 423 1007 Nil
452 953 599 1008 calet
627 950 757 1008 hic:
799 971 1159 1025 summosque
1182 953 1358 1026 pedes
1387 954 1601 1042 attinge
1629 971 1980 1028 manusque:

323 1030 461 1087 Non
491 1030 730 1106 frigent)
732 1041 770 1066 ⁴
814 1030 954 1087 Visa
982 1040 1065 1086 est
1094 1030 1141 1086 si
1166 1029 1306 1086 forte
1336 1031 1599 1105 pecunia,
1629 1031 1747 1088 sive

323 1109 589 1165 Candida
615 1108 786 1165 vicini
815 1109 1042 1165 subrisit
1070 1104 1237 1165 molle
1264 1109 1472 1183 puella,

324 1187 443 1242 Cor
464 1186 564 1242 tibi
594 1184 701 1243 rite
730 1187 893 1244 salit?
974 1186 1227 1243 Positum
1255 1198 1343 1244 est
1371 1187 1597 1262 algente
1624 1187 1855 1246 camino

326 1263 550 1320 Durum
577 1265 722 1334 oluS‚
753 1276 809 1321 et
835 1265 1025 1339 populi
1054 1265 1239 1321 cribro
1267 1265 1510 1322 decussa
1539 1265 1759 1323 farina:

324 1341 649 1398 Tentemus
678 1343 904 1399 fauces:
946 1355 1144 1399 tenero
1171 1342 1309 1400 latet
1338 1344 1500 1400 ulcus
1528 1344 1588 1399 in
1617 1362 1716 1400 ore

324 1418 520 1491 Putre,
548 1422 696 1494 quod
728 1421 878 1477 haud
909 1421 1111 1477 deceat
1138 1421 1364 1497 plebeia
1392 1422 1591 1478 radere
1621 1421 1769 1480 beta.

326 1498 525 1573 Alges,
554 1517 728 1572 quum
756 1499 1004 1555 excussit
1031 1500 1298 1556 membris
1327 1511 1534 1556 tremor
1563 1499 1723 1556 albus
1750 1498 1953 1558 aristas
1975 1508 1999 1558 τ’

323 1574 504 1632 Nunc
533 1577 654 1633 face
682 1576 972 1652 supposita
994 1577 1254 1634 fervescit
1281 1578 1534 1652 sanguiS,
1562 1587 1622 1633 et
1645 1576 1730 1634 ira

324 1654 653 1712 Scintillant
678 1654 865 1723 oculi3
907 1655 1160 1730 dicisque
1189 1655 1460 1744 facisque,
1488 1655 1684 1730 quod
1668 1674 1811 1730 ipse,

323 1731 461 1789 Non
487 1733 614 1790 sani
641 1752 767 1791 esse
794 1733 1061 1826 hominis,
1091 1752 1206 1790 non
1234 1752 1408 1790 sanus
1429 1733 1584 1809 juret
1609 1732 1862 1792 Orestes.

1075 2042 1394 2103 SATIRA
1435 2041 1547 2105 IV.

404 2206 554 2262 Ram
581 2205 771 2281 populi
799 2205 1045 2262 tractas?
1090 2202 1413 2280 (barbatum
1436 2203 1564 2261 haec
1590 2203 1763 2263 crede
1789 2202 2125 2284 magistrum

329 2284 554 2355 Dicere,
585 2284 815 2342 sorbitio
842 2283 984 2341 tollit
1010 2300 1180 2357 quem
1208 2283 1334 2340 dira
1353 2282 1592 2340 cicutae.
1581 2283 1624 2360 ·)

321 2363 464 2424 Quo
494 2363 706 2419 fretus'l
747 2363 841 2418 dic
871 2363 1000 2432 hoc,
1031 2360 1223 2435 magni
1251 2360 1463 2436 pupille
1491 2360 1716 2419 Pericli.

323 2441 603 2497 Scilicet
591 2440 884 2515 ingenium
902 2451 960 2496 et
981 2457 1169 2495 rerum
1191 2438 1499 2514 prudentia
1514 2438 1677 2495 velox

327 2518 485 2574 Ante
513 2518 654 2593 pilos
683 2519 867 2574 venit:
912 2518 1159 2574 dicenda
1184 2517 1538 2591 tacendaque
1564 2516 1757 2575 calles·

322 2595 481 2672 Ergo
512 2597 608 2652 ubi
636 2596 921 2653 commota
951 2597 1130 2653 fervet
1155 2594 1457 2670 plebecula
1486 2594 1619 2667 bile,

323 2674 462 2731 Fert
489 2674 711 2730 animus
736 2674 937 2730 calidae
967 2674 1167 2731 fecisse
1195 2673 1421 2730 silentia
1447 2673 1628 2730 turbae

323 2750 623 2827 Majestate
651 2752 868 2810 mansis.
946 2752 1109 2814 Quid
1139 2752 1348 2809 deinde
1370 2749 1644 2826 loquere?
1721 2749 2005 2824 Quirites,

322 2831 474 2903 Hoc,
502 2842 657 2905 puta,
685 2850 800 2888 non
822 2831 1038 2905 justum
1067 2841 1153 2887 est
1176 2849 1189 2886 ε
1232 2829 1376 2886 illud
1403 2827 1553 2886 male
1579 2848 1592 2885 τ
1632 2830 1847 2888 rectius
1871 2829 2032 2889 illu‘d.

322 2909 452 2965 Scis
478 2909 693 2966 etenim
715 2909 929 2985 justum
958 2907 1191 2985 gemina
1218 2909 1564 2983 suspendere
1592 2907 1759 2967 lance

322 2987 612 3063 Ancipitis
639 2986 830 3043 librae:
871 2998 1091 3044 rectum
1118 2986 1419 3057 discernis,
1443 2986 1542 3043 ubi
1570 2986 1737 3061 inter·
1768 2995 1779 3004 “

319 3066 512 3121 Curva
538 3066 711 3135 subit,
741 3065 827 3121 vel
856 3083 1029 3139 quum
1059 3065 1199 3121 fallit
1225 3065 1371 3139 pede
1399 3063 1598 3140 regula
1622 3082 1793 3124 varot

319 3143 397 3199 Et
426 3144 571 3218 potis
597 3162 661 3199 es
687 3143 914 3219 nigrum
944 3143 1077 3199 vitio
1103 3142 1397 3217 praefigere
1427 3143 1637 3199 Theta.

317 3220 484 3282 Quin
513 3233 574 3277 tu
605 3221 795 3296 igitur,
827 3221 1051 3277 summa
1079 3221 1456 3295 nequicquam
1482 3221 1630 3296 pelle
1649 3219 1915 3293 decorus,

321 3300 478 3355 Ante
506 3300 658 3356 diem
688 3299 896 3356 blando
924 3299 1165 3356 caudam
1188 3298 1404 3374 jactare
1430 3298 1652 3374 popello

315 3376 570 3447 DesiniS,
599 3378 907 3452 Anticyras
934 3377 1131 3434 melior
1159 3377 1386 3434 sorbere
1415 3395 1688 3434 meracas.

315 3455 471 3517 Quae
500 3456 605 3512 tibi
634 3475 855 3513 summa
881 3456 1013 3513 boni
1041 3457 1161 3513 est?
1202 3455 1380 3512 uncta
1400 3454 1604 3512 vixisse
1630 3450 1840 3529 patella

318 3535 580 3609 Semper,
609 3545 666 3591 et
694 3534 920 3591 assiduo
948 3545 1144 3591 curata
1172 3534 1422 3590 cuticula
1450 3533 1586 3589 sole.

320 3612 637 3687 Exspecta:
682 3613 832 3668 haud
862 3612 1014 3669 aliud
1045 3612 1384 3685 respondeat
1411 3612 1537 3667 haec
1565 3607 1813 3667 anu3.1
1840 3624 2034 3679 nuum·

326 3691 702 3748 Dinomaches
725 3709 826 3764 ego
855 3709 993 3760 sum,
1023 3689 1216 3746 suffia·
1257 3708 1377 3744 sum
1405 3687 1721 3745 candidus-⁰
1761 3685 1940 3745 Esto:

322 3769 475 3826 Dum
503 3788 581 3826 ne
610 3766 860 3825 deterius
882 3769 1065 3842 sapiat
1091 3785 1391 3841 pannucea
1420 3765 1648 3834 Baucis,

2186 721 2300 781 105

2185 1109 2298 1168 11⁰

2182 1482 2299 1560 115

2222 2891 2299 2964 [0

2223 3291 2298 3354 15
