2613 4161
330 270 441 327 106
777 255 860 316 Ἀ.
897 268 1122 316 PERsu
1157 266 1405 316 FLAccl
1441 267 1693 316 sATmA
1726 268 1803 316 vr

324 410 473 467 Ossa
500 409 734 467 inodora
761 408 939 481 dabit,
968 428 1070 466 seu
1097 408 1314 485 spirent
1340 409 1610 466 cinnama
1636 410 1891 483 surdum,
2226 410 2310 469 35

326 489 439 544 Seu
471 508 666 545 ceraso
691 498 937 563 peccent
964 488 1152 560 casina,
1184 488 1409 563 nescire
1437 498 1682 562 paratus.

324 567 496 623 Tune
527 568 675 622 bona
704 566 1005 623 incolumis
1032 567 1257 623 minuas
1275 569 1315 623 ’.θ’
1400 565 1475 622 Et
1504 565 1731 622 Bestius
1758 575 1923 641 urget

325 644 602 701 Doctores
629 644 865 700 Graios:
910 651 924 675 ‘
950 644 1041 701 Ita
1068 645 1148 714 fit,
1176 655 1473 719 postquam
1502 664 1698 718 sapere
1723 643 1861 701 Urbi

325 724 473 778 Cum
501 724 693 798 pipere
721 735 777 778 et
805 722 1003 795 palmis
1032 724 1184 778 vonit
1211 735 1459 779 vestrum
1490 722 1602 779 hoc
1630 721 1801 778 maris
1827 742 2027 798 expers
2052 742 2066 779 ε

326 801 638 857 Foenisecoe
668 819 858 857 crasso
882 801 1150 856 vitiarunt
1179 800 1433 875 unguine
1461 801 1685 875 pultes!
2226 802 2305 860 40

326 879 469 935 IIaec
498 880 689 935 cinere
720 880 949 935 ulterior
977 879 1240 935 metuas?
1283 887 1340 933 at
1367 889 1448 947 tu,
1477 896 1639 934 meus
1667 879 1846 934 haeres

323 957 600 1030 Quisquis
627 958 756 1027 eriS,
787 953 1018 1031 paulum
1049 977 1082 1013 a
1110 956 1276 1012 turba
1304 956 1590 1013 seductior
1621 957 1769 1012 audi.

324 1035 379 1089 Ο
410 1037 573 1105 bone,
603 1055 738 1091 num
769 1036 1034 1110 ignoras?
1074 1035 1245 1090 missa
1271 1045 1359 1090 est
1386 1053 1419 1090 a
1447 1034 1675 1091 Caesare
1703 1035 1895 1092 laurus

326 1113 617 1186 Insignem
646 1114 719 1170 ob
747 1116 967 1170 cladem
994 1115 1295 1169 Germanae
1324 1112 1511 1187 pubis,
1540 1122 1599 1169 et
1626 1113 1737 1169 aris

327 1190 591 1265 Frigidus
618 1193 898 1248 excutitur
927 1192 1072 1248 cinis
1097 1209 1109 1246 ι
1154 1199 1221 1246 ac
1244 1190 1363 1265 jam
1389 1191 1644 1264 postibus
1672 1209 1848 1263 arma,
2224 1191 2305 1248 45

324 1269 454 1323 Jam
485 1269 811 1343 chlamydes
842 1289 1060 1344 regum,
1084 1269 1201 1344 jam
1231 1269 1386 1325 lutea
1411 1286 1666 1343 gausapa
1692 1269 1892 1344 captis,

324 1344 669 1421 Essedaque‚
699 1348 1068 1422 ingentesque
1090 1348 1239 1403 locat
1266 1347 1531 1404 Caesonia
1551 1347 1809 1404 Rhenos.

324 1423 431 1479 Dis
460 1425 631 1498 igitur
659 1426 940 1499 genioque
969 1426 1131 1482 ducis
1154 1436 1386 1481 centum
1416 1424 1592 1500 paria,
1620 1425 1694 1482 ob
1720 1444 1812 1483 res

325 1500 570 1577 Egregie
600 1515 806 1577 gestam,
840 1505 1064 1560 induco.
1146 1504 1299 1564 Quis
1328 1504 1518 1569 vetat?
1562 1504 1727 1560 aude.

324 1580 448 1652 Vm,
479 1582 585 1637 nisi
616 1583 884 1639 connives
910 1584 921 1639 l
1006 1583 1213 1639 Oleum
1246 1593 1641 1657 artocreasque
1668 1582 1891 1658 popello
2225 1583 2308 1642 50

325 1658 572 1735 Largior.
657 1660 752 1717 An
782 1661 1089 1736 prohibes?
1131 1661 1226 1716 dic
1253 1657 1426 1717 clare.
1509 1660 1646 1717 Non
1676 1662 1838 1735 adeo,
1859 1660 2048 1737 inquis

323 1735 631 1794 Exossatus
661 1757 795 1813 ager
817 1737 981 1814 juxta
1009 1750 1112 1796 est.
1195 1739 1347 1814 Age,
1379 1739 1426 1795 si
1454 1738 1595 1795 mihi
1624 1739 1787 1796 nulla

322 1814 453 1872 Jain
483 1817 696 1888 reliqua
720 1835 792 1873 ex
819 1818 1024 1889 amitis,
1052 1817 1323 1892 patruelis
1350 1817 1526 1889 nulla,
1553 1817 1842 1894 proneptis

323 1892 496 1950 Nulla
525 1907 716 1951 manet
742 1895 945 1970 patrui,
977 1895 1182 1953 sterilis
1208 1905 1511 1952 matertera
1540 1894 1696 1966 vixit,
1878 1954 1881 1957 .

322 1970 521 2045 Deque
550 1973 673 2029 aviii
701 1973 940 2029 nihilum
970 1983 1224 2048 superest
1248 1993 1263 2043 3
1306 1974 1522 2031 accedo
1551 1972 1816 2045 Bovilla8‚
2221 1975 2306 2033 55

321 2049 656 2124 Clivumque
685 2052 755 2107 ad
786 2051 948 2109 Virbi
974 2070 987 2108 ε
1029 2062 1234 2128 praesto
1260 2061 1347 2109 est
1374 2052 1513 2109 mihi
1544 2050 1776 2110 Manius
1804 2052 2002 2111 haeres.

323 2134 336 2158 ‘
369 2128 675 2204 Progenies
702 2141 863 2186 terrae
883 2131 914 2186 !’
956 2129 1172 2190 Quaere
1200 2150 1272 2187 ex
1298 2149 1412 2202 me,
1441 2131 1565 2205 quis
1591 2132 1733 2188 mihi
1759 2142 1991 2207 quartus
2062 2137 2065 2140 ’

323 2206 410 2262 Sit
436 2218 592 2281 pater
618 2227 630 2263 z
674 2209 822 2264 haud
852 2206 1131 2284 prompte,
1161 2210 1348 2266 dicam
1379 2220 1586 2266 tamen.
1671 2210 1843 2267 Adde
1869 2209 2043 2268 etiam
2069 2228 2276 2286 unum,

324 2284 510 2341 Unum
540 2287 742 2342 etiam:
787 2297 949 2343 terrae
978 2298 1063 2343 est
1085 2287 1200 2362 jam
1233 2287 1383 2344 filius
1409 2306 1421 2343 :
1464 2298 1523 2344 et
1548 2288 1689 2344 mihi
1717 2288 1828 2344 ritu

277 2367 298 2388 ‘
323 2361 550 2419 Manius
579 2365 671 2420 hic
695 2365 923 2439 generis
950 2364 1123 2442 prope
1154 2366 1330 2442 major
1360 2366 1675 2422 avunculus
1701 2367 1831 2424 exit.
2227 2366 2310 2425 60

319 2440 441 2499 Qui
470 2443 617 2516 prior
644 2461 725 2512 eS‚
754 2461 855 2500 cur
884 2463 976 2500 me
1006 2444 1063 2500 in
1094 2445 1340 2500 decursu
1368 2444 1629 2519 lampada
1656 2444 1883 2520 poscis?

321 2520 460 2574 Sum
490 2519 591 2575 tibi
621 2518 941 2577 Mercurius
967 2541 979 2577 z
1021 2522 1187 2579 venio
1205 2523 1358 2593 deus
1387 2522 1501 2578 huc
1528 2541 1655 2597 ego,
1686 2532 1750 2580 ut
1775 2522 1870 2579 ille

320 2595 596 2670 Pingitur.
680 2598 776 2653 An
805 2599 1041 2656 renuis?
1084 2600 1195 2655 vin’
1228 2611 1290 2657 tu
1318 2601 1568 2676 gaudere
1595 2599 1849 2658 relictis?

320 2680 334 2704 ⁴
367 2673 543 2730 Deest
570 2674 777 2748 aliquid
808 2695 1062 2733 summae.
1148 2677 1338 2735 Minui
1367 2678 1507 2735 mihi
1533 2698 1545 2736 :
1589 2679 1689 2736 sed
1717 2678 1820 2736 tibi
1846 2688 2029 2736 totum
2055 2687 2161 2753 est,

318 2751 611 2826 Quicquid
642 2753 698 2808 id
727 2764 828 2811 est.
914 2755 1026 2813 Ubi
1056 2755 1146 2827 sit,
1180 2757 1313 2833 fuge
1341 2775 1613 2830 quaerere,
1642 2757 1793 2831 quod
1819 2756 1960 2815 mihi
1986 2757 2277 2833 quondam

319 2829 563 2905 Legarat
590 2831 847 2890 Tadius:
889 2852 999 2891 nec
1027 2834 1179 2892 dicta
1204 2854 1414 2911 repone
1442 2847 1677 2912 paterna
1700 2855 1713 2892 :
2225 2836 2309 2894 66

319 2907 576 2966 Foeneris
603 2912 839 2967 accedat
864 2931 1085 2970 merces
1109 2932 1122 2969 ε
1163 2914 1301 2970 hinc
1323 2914 1509 2970 exime
1532 2923 1809 2989 sumptus.

320 2992 334 3016 ‘
355 2987 516 3048 Quid
535 2988 811 3062 reliquum
835 3001 921 3049 est
942 2991 983 3045 'l’
1053 2990 1407 3067 Reliquum?
1436 3010 1592 3048 nunc
1614 3010 1772 3048 nunc
1789 2988 2104 3067 impensius
2124 3009 2306 3068 unge,

324 3065 506 3140 Unge,
535 3086 697 3141 puer,
724 3068 938 3124 caules,
1021 3067 1172 3125 Mihi
1202 3070 1347 3127 festa
1374 3069 1503 3126 luce
1531 3075 1803 3143 coquatur

318 3142 532 3215 Urtica,
562 3156 618 3201 et
647 3146 777 3203 fissa
807 3146 1087 3204 fumosum
1116 3147 1365 3224 sinciput
1392 3150 1563 3205 aure?
1586 3146 1620 3181 ²*
1645 3147 1679 3182 ²*
1704 3147 1738 3182 ²*
1762 3147 1796 3182 ²*
1822 3145 1858 3180 ⁴¹²
2219 3145 2302 3203 '70

398 3223 599 3280 Vende
629 3226 875 3282 animam
904 3225 1062 3283 lucro
1090 3244 1103 3282 ε
1145 3244 1420 3298 mercare,
1452 3238 1618 3301 atque
1647 3235 1852 3283 excute
1881 3225 2056 3283 solers

318 3300 506 3356 Omne
533 3302 679 3359 latus
707 3303 926 3375 mundi,
955 3323 1028 3360 ne
1057 3304 1131 3361 sit
1156 3305 1506 3381 praestantior
1535 3305 1674 3361 alter

318 3378 688 3452 Cappadocas
716 3381 898 3456 rigida
923 3382 1166 3458 pingues
1193 3382 1471 3458 plausisse
1499 3382 1736 3439 catasta.

318 3453 470 3510 Rem
502 3456 744 3530 duplica.
829 3458 1003 3516 Feci:
1041 3460 1161 3535 jam
1190 3460 1412 3535 triplex,
1435 3461 1553 3536 jam
1580 3461 1722 3516 mihi
1751 3456 1976 3534 quarto,

318 3531 448 3587 Jam
477 3533 667 3589 decies
696 3536 840 3593 redit
868 3537 926 3593 in
955 3557 1172 3614 rugam.
1257 3537 1560 3615 Depunge,
1589 3539 1688 3596 ubi
1716 3539 1932 3612 sistam,
2227 3534 2312 3594 75

318 3608 611 3681 InventuS,
640 3612 974 3690 Chrysippe‚
1004 3617 1085 3673 tui
1114 3616 1300 3675 finitor
1330 3618 1534 3675 acervi.
