2613 4161
660 620 778 695 D.
858 620 1214 696 JUNII
1290 621 2013 697 JUVENALIS

1174 878 1504 922 AQUINATIS

965 1100 1714 1164 SATIRARUM

1054 1351 1265 1401 LIBER
1294 1352 1612 1402 TERTIUS.

1080 1782 1399 1841 SATIRA
1437 1782 1577 1842 VII.

420 1936 512 1997 ΕΤ
539 1958 687 2016 spes,
716 1950 775 1997 et
800 1939 944 1998 ratio
973 1939 1288 1997 studiorum
1318 1941 1377 1997 in
1408 1940 1636 1997 Caesare
1664 1935 1889 1999 tantum
1918 1957 1931 1997 z

343 2015 513 2076 Solus
540 2019 695 2076 enim
723 2018 911 2077 tristes
939 2018 1050 2075 hac
1078 2030 1412 2095 tempestate
1442 2018 1749 2075 Carnoenas

343 2097 647 2174 Respexit,
675 2118 851 2172 quum
874 2097 991 2172 jam
1020 2098 1291 2169 celebres,
1323 2099 1555 2173 notique
1584 2102 1771 2173 poetae

342 2175 680 2233 Balneolum
709 2177 930 2248 Gabiis,
960 2177 1166 2233 Romae
1194 2179 1518 2234 conducere
1549 2177 1745 2234 furnos

341 2253 702 2322 Tentarent3
745 2274 853 2311 nec
883 2255 1095 2311 foedum
1124 2255 1240 2326 alii,
1272 2275 1383 2312 nec
1410 2265 1571 2329 turpe
1600 2264 1865 2329 putarent
2283 2250 2331 2314 ὅ

341 2331 646 2390 Praecones
673 2332 814 2404 fieri,
843 2350 1037 2406 quum,
1067 2334 1305 2390 desertis
1333 2332 1667 2407 Aganippes

341 2410 624 2482 vallibus,
654 2410 911 2467 esuriens
940 2411 1206 2486 migraret
1235 2411 1291 2468 in
1323 2412 1465 2467 atria
1492 2411 1637 2468 Clio.

339 2488 517 2561 Nam,
547 2490 595 2546 si
625 2489 812 2546 Pieria
837 2490 1123 2564 quadrans
1149 2490 1250 2546 tibi
1279 2490 1469 2546 nullus
1496 2490 1555 2546 in
1585 2489 1785 2547 umbri

341 2567 715 2639 Ostendatur,
747 2586 902 2624 ames
929 2586 1139 2624 nomen
1167 2568 1490 2642 victumque
1519 2566 1848 2641 Machaerae,

342 2645 416 2702 Et
447 2647 659 2703 vendas
683 2642 892 2720 potius,
915 2646 1216 2703 commissa
1243 2648 1394 2721 quod
1423 2646 1611 2712 auctio
1637 2646 1830 2704 vendit
2256 2645 2324 2704 10

342 2724 659 2796 Stantibus,
687 2724 1078 2799 oenophorum,
1106 2725 1375 2799 tripodas,
1404 2725 1664 2796 armaria,
1693 2725 1887 2797 cistaS,

343 2802 664 2876 Alcyonem
694 2801 891 2874 Pacci,
920 2802 1155 2859 Thebas
1182 2814 1239 2860 et
1266 2803 1459 2860 Terea
1486 2802 1702 2859 Fausti.

347 2880 475 2937 Hoc
502 2880 700 2951 satius,
727 2878 898 2954 quam
927 2880 974 2937 si
1003 2882 1164 2937 dicas
1191 2882 1296 2937 sub
1321 2882 1539 2958 judice,
1568 2881 1725 2954 Vidi,

339 2958 521 3019 Quod
550 2977 665 3016 non
694 2958 898 3016 vidisti.
981 2958 1224 3016 Faciant
1251 2961 1470 3035 equites
1498 2960 1703 3017 Asiani

340 3036 715 3112 Quanquam,
744 3048 803 3093 et
828 3037 1204 3112 Cappadoces
1228 3038 1456 3109 saciant,
1485 3039 1814 3113 equitesque
1842 3036 2097 3112 Bithyni,
2283 3037 2326 3091 5

341 3116 542 3173 Altera
567 3134 707 3190 quos
734 3116 890 3172 nudo
919 3116 1164 3172 traducit
1189 3116 1376 3172 Gallia
1402 3115 1530 3173 talc.

342 3193 535 3251 Nemo
560 3206 753 3250 tamen
782 3193 984 3250 studiis
1012 3192 1311 3268 indignum
1341 3194 1486 3251 ferre
1513 3193 1769 3251 laborem

341 3271 595 3347 Cogetur
614 3272 871 3347 posthac,
900 3271 1081 3328 nectit
1099 3273 1423 3347 quicunque
1452 3272 1677 3329 canoris
1779 3301 1783 3305 ·

344 3349 643 3426 Eloquium
673 3349 870 3406 vocale
900 3350 1099 3422 modiS,
1128 3350 1463 3425 laurumque
1494 3349 1811 3407 momordit.

343 3428 474 3487 Hoc
501 3428 673 3503 agite,
696 3447 732 3485 o
754 3426 993 3501 juvenes
1018 3448 1030 3485 :
1074 3429 1482 3503 circumspicit,
1510 3437 1567 3483 et
1595 3422 1847 3484 stimulat
1872 3446 1994 3500 vos,
2244 3424 2327 3483 20

340 3505 755 3580 Materiamque
783 3506 891 3562 sibi
913 3506 1094 3562 Ducis
1122 3506 1482 3581 indulgentia
1508 3505 1724 3578 quaerit.

340 3585 405 3642 Si
433 3604 544 3659 qua
573 3585 805 3641 aliunde
833 3594 1000 3659 putas
1027 3603 1217 3640 rerum
1244 3582 1633 3657 exspectanda
1659 3594 1886 3640 tuarum

337 3662 632 3732 Proesidia,
663 3673 831 3735 atque
860 3662 989 3719 ideo
1020 3680 1239 3718 croceae
1269 3659 1600 3716 membrana
1626 3661 1848 3718 tabellae

339 3741 367 3798 Ι
372 3743 619 3819 inpletur
698 3740 984 3815 lignorum
1014 3739 1228 3814 aliquid
1254 3756 1428 3813 posce
1456 3735 1639 3810 ocius,
1668 3749 1745 3811 et,
1773 3757 1900 3813 quae
