2613 4161
302 253 382 309 92
985 251 1047 298 A.
1083 250 1308 298 PERSII
1344 250 1593 298 FLACCI

384 389 704 447 Scribimus
730 389 959 463 inclusi,
988 409 1257 449 numeros
1283 390 1402 463 ille,
1430 390 1528 448 hic
1554 390 1702 467 pede
1728 389 1895 463 liber,

302 469 534 526 Grande
564 469 795 544 aliquid,
823 470 973 543 quod
999 469 1196 544 pulmo
1224 469 1430 526 animae
1454 469 1766 545 praelargus
1792 469 2041 530 anhelet.

306 547 543 604 Scilicet
568 547 693 603 haec
718 547 948 622 populo,
973 566 1263 623 pexusque
1290 547 1536 622 togaque
1563 551 1803 622 recenti,

305 624 380 681 Et
408 625 667 682 natalitia
691 625 925 683 tandem
954 643 1090 683 cum
1114 625 1490 699 sardonyche,
1520 625 1684 682 albus

307 703 459 759 Sede
486 703 643 778 leges
670 702 845 774 celsa,
872 701 1087 777 liquido
1108 721 1282 778 quum
1310 701 1592 779 plasmate
1619 718 1815 784 guttur

307 779 523 838 Mobile
551 780 833 852 collueriS‚
855 780 1100 855 patranti
1128 780 1340 836 fractus
1365 780 1565 838 ocello.

308 857 426 915 Hic
454 878 638 934 neque
665 877 820 915 more
846 858 1022 934 probo
1048 857 1242 915 videas
1267 877 1454 933 neque
1481 876 1619 915 voce
1646 857 1848 915 serena

307 935 580 1011 Ingentes
607 936 888 1012 trepidare
916 934 1105 1007 Titos,
1133 954 1310 1010 quum
1336 936 1593 993 carmina
1619 936 1881 994 lumbum

307 1013 549 1086 Intrant,
577 1027 636 1072 et
661 1015 902 1072 tremulo
929 1014 1256 1089 scalpuntur
1283 1013 1383 1070 ubi
1413 1013 1613 1071 intima
1641 1033 1823 1071 versu.

307 1091 486 1163 Tun’,
516 1092 720 1163 vetule,
750 1092 1020 1150 auriculis
1041 1091 1242 1149 alienis
1263 1091 1485 1166 colligis
1513 1093 1712 1148 escas?

308 1170 620 1240 AuriculiS‚
648 1171 856 1245 quibus
882 1179 942 1227 et
967 1169 1127 1227 dicas
1155 1180 1286 1225 cute
1313 1169 1588 1244 perdituS,
1615 1169 1765 1227 ohe?
1800 1188 1825 1197 ⁶

309 1248 478 1308 ‘Quo
505 1248 793 1320 didicisse,
821 1247 933 1304 nisi
960 1249 1070 1305 hoc
1098 1248 1440 1305 fermentum
1467 1257 1526 1304 et
1550 1265 1676 1322 quae
1704 1247 1879 1305 semel
1908 1246 2060 1305 intus

307 1323 516 1382 Innata
534 1338 639 1398 est,
668 1338 833 1401 rupto
853 1326 1056 1400 jecore.
1073 1325 1277 1382 exierit
1302 1324 1664 1400 caprificus'l’

308 1402 400 1460 En
425 1404 602 1479 pallor
630 1404 1000 1479 seniumque!
1044 1402 1101 1460 O
1130 1404 1349 1460 mores!
1394 1422 1573 1477 usque
1601 1400 1826 1461 adeone

308 1481 472 1538 Scire
499 1492 663 1539 tuum
689 1482 831 1539 nihil
860 1493 965 1553 est,
994 1481 1106 1538 nisi
1133 1491 1190 1538 te
1217 1480 1365 1538 scire
1394 1481 1505 1539 hoc
1531 1480 1677 1539 sciat
1694 1481 1882 1539 alter?

308 1563 325 1591 ‘
345 1559 427 1621 At
454 1559 757 1635 pulchrum
782 1572 871 1618 est
895 1559 1075 1635 digito
1100 1559 1419 1631 monstrari,
1447 1569 1506 1616 et
1532 1558 1732 1632 dicier,
1760 1559 1880 1617 Hic
1905 1559 2027 1617 est!

307 1637 458 1695 Ten'
490 1639 823 1696 cirratorum
849 1650 1083 1695 centum
1111 1638 1325 1696 dictata
1353 1637 1526 1695 fuisse

306 1714 419 1773 Pro
447 1716 624 1774 nihilo
649 1718 869 1793 pendas
889 1718 929 1773 2’
1012 1716 1170 1772 Ecce
1199 1716 1348 1773 inter
1375 1715 1583 1791 pocula
1607 1725 1870 1790 quaemnt

306 1793 634 1853 Romulidae
663 1794 859 1868 saturi,
888 1795 1024 1869 quid
1053 1795 1148 1850 dia
1171 1797 1443 1868 poemata
1467 1805 1718 1850 narrent.

309 1871 428 1928 Hic
458 1873 678 1948 aliquiS,
706 1874 802 1930 cui
830 1873 1049 1930 circum
1076 1873 1345 1929 humeros
1372 1870 1745 1946 hyacinthina
1771 1869 1920 1928 lama
1942 1879 2054 1942 est,

306 1950 706 2008 Rancidulum
732 1952 1003 2026 quiddam
1030 1950 1198 2007 balba
1226 1951 1297 2006 de
1327 1968 1465 2006 nare
1493 1949 1737 2021 locutuS,

307 2026 615 2103 Phyllidas,
645 2028 1011 2104 Hypsipyles,
1040 2038 1231 2085 vatum
1260 2037 1320 2085 et
1343 2027 1617 2103 plorabile
1644 2026 1692 2085 si
1727 2025 1885 2102 quid,

307 2105 556 2180 Eliquat,
584 2118 642 2165 et
668 2116 864 2164 tenero
892 2107 1212 2181 supplantat
1239 2107 1410 2163 verba
1434 2105 1640 2181 palato.

307 2183 641 2244 Assensere.
656 2184 758 2242 viri
783 2204 795 2241 ε
837 2202 995 2243 nunc
1015 2203 1137 2241 non
1164 2183 1313 2240 cinis
1342 2183 1437 2241 ille
1464 2186 1649 2258 poetae

308 2262 518 2320 Felix?
559 2282 675 2321 non
701 2263 875 2321 levior
902 2263 1104 2338 cippus
1130 2280 1289 2320 nunc
1304 2261 1590 2337 'imprimit
1615 2261 1786 2318 ossa?

308 2341 575 2399 Laudant
599 2342 851 2399 convivae
876 2360 889 2397 :
932 2359 1091 2397 nunc
1119 2359 1235 2398 non
1262 2358 1295 2396 e
1325 2338 1589 2397 manibus
1615 2339 1771 2410 illis,.

308 2418 488 2476 Nunc
516 2439 630 2477 non
661 2439 694 2476 e
722 2420 940 2477 tumulo
965 2418 1363 2492 fortunataque
1391 2416 1584 2474 favilla

308 2497 369 2553 N
372 2508 636 2554 ascentur
662 2497 864 2554 violae'l
944 2496 1150 2567 Rides,
1180 2497 1276 2567 ait,
1304 2506 1364 2552 et
1389 2495 1560 2551 nimis
1588 2494 1757 2550 uncis

309 2575 562 2632 Naribus
589 2575 869 2648 indulges.
953 2575 1051 2631 An
1077 2574 1205 2644 erit,
1233 2573 1331 2647 qui
1358 2573 1502 2630 velle
1530 2581 1757 2629 recuset

308 2652 396 2710 Os
416 2652 608 2727 populi
637 2651 955 2709 meruisse?
997 2662 1074 2723 et,
1102 2652 1274 2708 cedro
1300 2651 1479 2725 digna
1497 2650 1742 2719 locutus,

310 2730 597 2804 Linquere
623 2748 734 2786 nec
761 2729 1049 2786 scombros
1067 2728 1388 2796 ‚metuentia
1414 2726 1690 2797 carmina,
1716 2744 1828 2782 nec
1853 2724 2027 2781 thus?

308 2808 591 2884 Quisquis
618 2827 700 2879 eS‚
730 2807 787 2865 O
807 2804 978 2864 modo
1007 2826 1175 2881 quem
1198 2825 1269 2863 ex
1298 2806 1534 2861 adverso
1560 2804 1752 2859 dicere
1779 2802 1911 2874 feci,

310 2887 446 2944 Non
473 2904 601 2961 eg0,
628 2904 804 2959 quum
830 2885 1037 2956 scrib0,
1066 2884 1115 2941 si
1144 2881 1287 2941 sorte
1315 2883 1452 2957 quid
1478 2882 1665 2957 aptius
1692 2880 1830 2951 exit,

308 2966 565 3027 Quando
592 2965 717 3020 haic
743 2983 869 3021 rara
889 2962 1008 3020 avis
1034 2973 1140 3034 est,
1169 2962 1218 3019 si
1243 2961 1379 3036 quid
1408 2971 1598 3017 tamen
1628 2958 1816 3034 aptius
1841 2955 1977 3029 exit,

311 3043 560 3101 Laudari
588 3052 837 3099 metuam
867 3071 868 3074 ¹
918 3059 1104 3116 neque
1130 3040 1287 3097 enim
1313 3038 1455 3095 mihi
1482 3056 1693 3095 cornea
1717 3036 1861 3093 fibra
1885 3044 2006 3092 est:

314 3122 431 3179 Sed
458 3120 600 3179 recti
628 3120 913 3195 finemque
940 3130 1368 3192 extremumque
1395 3135 1522 3174 esse
1546 3133 1753 3174 recuso

310 3198 487 3258 Euan
545 3209 708 3256 tuum
728 3209 789 3256 et
831 3216 1057 3255 nanus:
1096 3215 1234 3254 nam
1261 3214 1453 3253 naum
1482 3195 1592 3251 hoc
1612 3203 1818 3251 excute
1844 3199 2060 3249 totum:

311 3276 478 3337 Quid
505 3295 623 3333 non
651 3275 807 3333 intus
834 3274 1050 3332 habet'l
1090 3293 1208 3332 non
1230 3273 1328 3330 hic
1355 3282 1443 3329 est
1469 3270 1609 3328 Ilias
1636 3268 1790 3328 Acci

314 3353 492 3411 Ebria
509 3355 767 3412 veratro?
809 3372 925 3411 non
954 3353 1002 3410 si
1028 3371 1141 3427 qua
1160 3350 1407 3426 elegidia
1434 3349 1598 3407 crudi

317 3430 623 3489 Dictarunt
646 3433 949 3508 proceres?
990 3449 1107 3488 non
1133 3427 1405 3505 quicquid
1433 3428 1680 3501 denique
1706 3425 1872 3484 lectis

317 3508 599 3566 Scribitur
626 3510 687 3566 in
713 3508 946 3567 citreis?
1027 3508 1296 3566 Calidum
1326 3506 1440 3565 scis
1467 3524 1679 3581 ponere
1704 3519 1944 3561 sumen:

318 3586 447 3646 Scis
474 3585 743 3643 comitem
771 3586 1124 3643 horridulum
1150 3585 1283 3643 trita
1311 3585 1524 3642 donare
1551 3582 1825 3641 lacerna:

317 3662 412 3733 Et,
440 3663 680 3733 verum,
707 3663 914 3735 inquis,
943 3682 1071 3720 amo
1094 3684 1107 3719 ε
1148 3681 1347 3719 verum
1375 3662 1516 3719 mihi
1543 3660 1719 3719 dicite
1748 3660 1821 3717 de
1848 3675 1959 3715 me.

314 3737 444 3799 Qut
469 3747 601 3813 pote
620 3738 646 3792 ‘l
686 3737 773 3795 vis
793 3738 1027 3795 dicam?
1067 3740 1326 3815 nugaris,
1351 3757 1530 3815 quum
1557 3737 1685 3811 tibi,
1712 3736 1895 3807 calve,

2212 549 2284 606 15

2202 2494 2285 2550 40
