2613 4161
1119 262 1366 309 sA'rlRA
1404 261 1470 308 X.

317 398 609 471 Faforum,
637 411 695 457 et
724 398 901 456 nimio
928 402 1000 456 de
1028 402 1288 474 stamine,
1319 420 1492 477 quum
1523 403 1673 461 videt
1700 403 1848 462 acris

314 478 613 534 Antilochi
646 478 874 535 barbam
907 479 1219 551 ardentem,
1249 500 1423 555 quum
1452 483 1650 555 quaerit
1678 484 1748 539 ab
1774 484 1928 541 omni

310 555 597 629 Quisquis
627 558 784 613 adest
812 558 1020 627 sociu8‚
1050 578 1151 614 cur
1180 561 1305 614 haec
1336 560 1393 615 in
1425 570 1677 635 tempora
1708 564 1895 635 duret,

310 633 494 694 Quod
525 635 749 691 facinus
776 635 1011 710 dignum
1042 647 1155 692 tam
1179 637 1350 711 longo
1379 639 1667 696 admiserit
1696 642 1857 697 aevo'?

313 711 467 768 Haec
493 714 694 769 eadem
723 713 947 785 PeleuS,
987 727 1207 789 raptum
1236 734 1411 789 quum
1440 716 1597 791 luget
1627 718 1936 791 Achillem,

312 791 508 865 Atque
536 792 700 862 aliuS‚
729 792 824 849 cui
854 793 936 848 fas
965 792 1226 850 Ithacum
1255 795 1450 869 lugere
1480 806 1793 853 natantem.

311 868 599 927 Incolumi
627 870 805 943 Troja
833 869 1093 928 Priamus
1121 873 1368 929 venisset
1396 874 1466 928 ad
1497 875 1724 931 umbras

313 948 587 1004 Assaraci
616 950 840 1023 magnis
868 948 1215 1021 solennibus,
1245 951 1499 1007 Hectore
1529 952 1699 1008 funus

311 1025 602 1097 Portante,
632 1046 700 1083 ac
729 1028 960 1100 reliquis
990 1028 1221 1085 fratrum
1252 1029 1589 1101 cervicibus,
1619 1031 1765 1087 inter

311 1102 562 1161 Iliadum
589 1104 886 1179 lacrymas,
918 1116 981 1162 ut
1008 1108 1217 1181 primos
1246 1109 1416 1164 edere
1444 1108 1706 1183 planctus

311 1182 639 1240 Cassandra
665 1183 959 1259 inciperet,
990 1186 1278 1260 scissaque
1306 1185 1595 1259 Polyxena
1620 1187 1790 1262 palla,

312 1261 379 1318 Si
411 1262 550 1319 foret
577 1263 889 1320 exstinctus
917 1264 1136 1320 diverso
1166 1275 1436 1340 tempore,
1465 1284 1576 1338 quo
1603 1285 1719 1323 non

310 1339 584 1416 Coeperat
612 1341 861 1398 audaces
888 1342 1046 1399 Paris
1075 1343 1357 1400 aedificare
1380 1345 1617 1400 carinas

308 1417 519 1493 Longa
540 1419 664 1475 dies
691 1419 863 1494 igitur
888 1421 1024 1496 quid
1053 1422 1291 1479 contulit
1312 1422 1337 1477 Ἰ
1376 1422 1568 1479 omnia
1596 1422 1734 1479 vidit

308 1495 545 1568 Eversa,
573 1508 632 1554 et
658 1496 900 1556 flammis
928 1499 1127 1557 Asiam
1157 1501 1412 1574 ferroque
1440 1502 1757 1558 cadentem.

307 1573 488 1632 Tunc
515 1576 683 1632 miles
710 1577 983 1634 tremulus
1009 1578 1192 1653 posita
1219 1578 1351 1635 tulit
1380 1597 1537 1636 arma
1563 1580 1731 1651 tiara,

307 1651 388 1710 Et
415 1654 528 1711 ruit
555 1665 687 1712 ante
717 1674 873 1712 aram
900 1657 1107 1714 summi
1135 1656 1312 1727 Jovis,
1343 1667 1405 1713 ut
1432 1658 1651 1713 vetulus
1679 1658 1799 1731 bOS,

304 1730 438 1791 Qui
466 1733 682 1790 domini
711 1734 907 1791 cultris
935 1746 1107 1792 tenue
1137 1746 1195 1792 et
1221 1735 1539 1792 miserabile
1568 1736 1777 1793 collum

305 1807 553 1883 Praebet,
583 1812 655 1868 ab
681 1812 905 1888 ingrato
926 1813 1045 1888 jam
1073 1813 1353 1870 fastiditus
1380 1825 1577 1870 aratro.

304 1887 517 1945 Exitus
545 1890 637 1946 ille
665 1902 959 1964 utcunque
989 1891 1232 1948 hominis
1256 1910 1268 1947 :
1312 1891 1413 1947 sed
1439 1902 1593 1948 torva
1620 1891 1830 1950 canino

305 1965 560 2024 Latravit
587 1968 756 2040 rictu,
785 1987 912 2044 quae
941 1981 1066 2044 post
1094 1971 1248 2026 hunc
1275 1969 1509 2039 vixerat,
1540 1989 1696 2026 uxor.

306 2043 547 2104 Festino
574 2048 645 2104 ad
675 2058 914 2119 nostrOS,
943 2059 1001 2106 et
1029 2067 1221 2124 regem
1251 2060 1477 2106 transeo
1505 2047 1700 2121 Ponti,

305 2124 385 2180 Et
413 2124 693 2198 Croesum,
723 2144 892 2201 quem
914 2146 1020 2186 vox
1041 2128 1177 2204 justi
1207 2129 1452 2184 facunda
1482 2128 1709 2185 Solonis

305 2201 626 2278 Respicere
654 2206 727 2262 ad
758 2205 941 2281 longae
964 2206 1130 2282 jussit
1157 2208 1337 2282 spatia
1364 2207 1559 2263 ultima
1587 2207 1731 2263 vitae.

305 2280 608 2355 Exsilium,
637 2294 696 2340 et
721 2303 937 2355 carcer,
966 2284 1501 2358 Minturnarumque
1528 2284 1784 2360 paludeS‚

305 2357 385 2415 Et
412 2362 770 2419 mendicatus
797 2362 947 2419 victa
976 2363 1323 2438 Carthagine
1352 2364 1535 2438 panis,

307 2437 468 2495 Hinc
497 2458 698 2496 causas
726 2439 995 2498 habuere.
1077 2442 1241 2503 Quid
1271 2442 1366 2499 illo
1393 2443 1516 2499 cive
1544 2441 1764 2497 tulisset

302 2514 533 2573 Natura
559 2518 619 2574 in
645 2520 829 2591 terris,
859 2520 995 2593 quid
1019 2519 1211 2577 Roma
1238 2521 1460 2577 beatius
1486 2538 1757 2593 unquam,

306 2595 372 2650 Si
402 2595 794 2655 circumducto
821 2599 1167 2672 captivorum
1196 2600 1443 2674 agmine,
1472 2612 1529 2656 et
1555 2597 1710 2655 omni

303 2671 593 2731 Bellorum
620 2677 847 2751 pompa,
877 2678 1124 2733 animam
1151 2677 1470 2734 exhalasset
1496 2676 1763 2750 opimam,

301 2749 508 2811 Quum
536 2753 608 2809 de
637 2753 962 2812 Teutonico
989 2755 1156 2814 vellet
1184 2757 1533 2813 descendere
1561 2756 1776 2812 curru?

303 2828 548 2886 Provida
574 2830 846 2907 Pompeio
873 2835 1107 2890 dederat
1134 2834 1452 2909 Campania
1481 2834 1664 2890 fiebres

315 2907 637 2981 thandas:
680 2912 780 2967 sed
808 2911 999 2969 multae
1029 2913 1198 2968 urbes
1223 2924 1282 2969 et
1309 2913 1536 2988 publica
1563 2922 1691 2968 vota

302 2983 602 3044 Vicerunt.
685 2987 865 3063 Igitur
895 2989 1147 3047 Fortuna
1175 2990 1352 3065 ipsius
1380 3004 1436 3048 et
1463 2990 1632 3047 Urbis

303 3062 603 3121 Servatum
631 3065 778 3123 victo
806 3079 976 3142 caput
1004 3069 1250 3126 abstulit.
1333 3070 1466 3126 Hoc
1494 3068 1748 3126 cruciatu

300 3139 601 3214 Lentulus,
630 3144 742 3201 hac
767 3147 938 3220 poena
966 3148 1150 3203 caruit
1178 3146 1495 3221 ceciditque
1517 3148 1808 3221 Cethegus

300 3217 554 3295 Integer,
582 3232 640 3278 et
661 3222 842 3297 jacuit
870 3225 1120 3282 Catilina
1145 3225 1419 3283 cadavere
1447 3236 1581 3282 toto.

381 3297 650 3356 Formam
677 3312 832 3376 optat
859 3304 1083 3361 modico
1109 3304 1318 3379 pueriS,
1346 3305 1556 3378 majore
1583 3305 1786 3379 puellis

300 3373 620 3447 Murmure,
649 3398 823 3452 quum
852 3381 1094 3438 Veneris
1124 3383 1319 3439 fanum
1347 3384 1499 3439 videt
1527 3383 1696 3440 anxia
1723 3392 1903 3439 mater

298 3452 493 3529 Usque
524 3457 595 3512 ad
623 3457 857 3514 delicias
885 3471 1153 3517 votorum.
1237 3461 1357 3517 Cur
1385 3471 1598 3528 tamen,
1627 3460 1828 3533 inquit,

300 3532 630 3608 Corripias?
672 3535 920 3594 Pulchra
951 3540 1164 3613 gaudet
1192 3539 1412 3595 Latona
1439 3538 1650 3594 Diana.

299 3610 418 3667 Sed
447 3622 600 3670 vetat
625 3614 804 3688 optari
835 3615 1039 3672 faciem
1067 3616 1356 3686 Lucretia,
1383 3614 1608 3688 qualem

292 3687 434 3764 Ipsa
461 3690 694 3747 habuit:
739 3708 974 3768 cuperet
1001 3693 1215 3751 Rutilae
1238 3691 1504 3767 Virginia
1529 3691 1764 3766 gibbum

300 3767 805 3844 Accipere,·atque
832 3790 993 3829 suam
1023 3770 1240 3828 Rutilae
1268 3772 1422 3827 dare.
1507 3768 1687 3827 Filius
1717 3780 1909 3827 autem

1933 531 1950 557 2

2217 269 2296 325 59

2173 1112 2293 1170 255

2170 1893 2290 1951 265

2166 2285 2287 2342 270

2163 2678 2284 2738 275
