2613 4161
581 581 700 656 D.
780 580 1158 710 JUNII·
1211 582 1936 658 JUVENALIS

1095 828 1425 885 A'QmNAns

888 1061 1638 1127 SATIRARUM

963 1314 1173 1364 LIBER
1204 1315 1551 1373 QUARTUS.

1038 1745 1359 1821 SATIRA
1400 1746 1479 1806 x.

349 1903 640 1962 Ommnus
669 1903 728 1960 in
761 1902 950 1974 terris,
976 1892 1108 1977 *quae
1138 1912 1274 1960 sunt
1301 1922 1337 1960 a
1361 1901 1626 1960 Gadibus
1652 1919 1836 1978 usque

268 1983 561 2040 Auroram
588 1993 646 2039 et
670 1981 941 2058 Gangen,
970 1980 1141 2056 pauci
1169 1981 1512 2057 dignoscere
1538 1989 1778 2057 possunt

266 2060 427 2120 Vera
448 2062 598 2120 bona
624 2071 792 2135 atque
821 2060 931 2118 illis
959 2057 1202 2119 multum
1232 2060 1476 2134 diversa,
1504 2061 1724 2119 remota

267 2140 497 2199 Erroris
525 2139 754 2198 nebula.
834 2139 999 2201 Quid
1028 2140 1184 2197 enirn
1212 2141 1434 2198 ratione
1460 2140 1749 2215 timemus,

269 2219 396 2276 Aut
422 2219 724 2295 cupimus?
763 2217 897 2292 quid
925 2229 1043 2275 tam
1073 2219 1270 2276 dextro
1298 2218 1446 2294 pede
1473 2219 1752 2296 concipis,
1780 2226 1847 2278 ut
1868 2228 1930 2277 te

270 2297 532 2356 Conatus
558 2317 676 2355 non
704 2297 994 2372 poeniteat,
1023 2297 1248 2372 votique
1275 2297 1540 2372 peracti?

269 2374 548 2435 Evertere
577 2377 774 2433 domos
799 2386 966 2447 totaS,
993 2375 1325 2451 optantibus
1352 2374 1509 2450 ipsis,

272 2452 353 2511 Di
383 2454 595 2512 faciles.
680 2452 961 2511 Nocitura
989 2454 1144 2529 toga,
1172 2453 1440 2512 nocitura
1465 2463 1735 2528 petuntur

271 2533 503 2591 Militia.
588 2532 844 2589 Torrens
872 2532 1103 2589 dicendi
1132 2532 1298 2610 copia
1324 2532 1538 2604 multis,

271 2611 352 2668 Et
378 2632 483 2669 sua
511 2611 798 2669 mortifera
823 2622 909 2668 est
938 2611 1224 2668 facundia.
1277 2628 1283 2635 ·
1320 2610 1558 2669 Viribus
1583 2609 1679 2669 ille

271 2691 545 2749 Confisus
572 2689 739 2767 periit
769 2689 1226 2765 admirandisque
1253 2689 1500 2747 lacertis.

273 2770 393 2827 Sed
421 2770 612 2845 p‘lures
639 2767 818 2824 nimia
846 2778 1119 2843 congesta
1143 2768 1393 2845 pecunia
1420 2767 1560 2825 cura

273 2848 626 2923 Strangulat,
654 2859 713 2903 et
740 2858 949 2903 cuncta
976 2866 1324 2922 exsuperans
1349 2845 1691 2922 patrimonia
1717 2863 1950 2921 census,

269 2926 515 2987 Quanto
543 2925 826 3001 delphinis
856 2925 1076 2983 balaena
1106 2925 1441 2983 Britannica
1467 2926 1666 3001 major.

272 3004 663 3079 Temporibus
691 3003 829 3060 diris
856 3004 1048 3079 igitur,
1071 3004 1345 3079 jussuque
1372 3003 1644 3075 Neronis,

273 3083 604 3160 Longinum
632 3093 690 3139 et
717 3100 957 3156 magnos
985 3083 1224 3139 Senecae
1251 3082 1562 3157 praedivitis
1590 3083 1784 3140 hortos

272 3162 519 3233 Clausit,
553 3170 611 3218 et
637 3160 901 3236 egregias
928 3160 1344 3218 Lateranorum
1378 3161 1603 3220 obsidet
1629 3160 1784 3222 mdes

275 3241 435 3296 Tota
460 3239 696 3297 cohors:
740 3258 900 3296 rarus
926 3238 1082 3297 venit
1108 3239 1168 3296 in
1198 3239 1501 3298 coenacula
1520 3238 1700 3298 miles.

273 3318 477 3375 Pauca
504 3315 646 3375 licet
671 3328 860 3393 portes
889 3318 1111 3393 argenti
1137 3318 1373 3376 vascula
1396 3318 1544 3395 puri,
1598 3340 1605 3345 ·

274 3395 470 3454 Nocte
499 3396 606 3455 iter
633 3396 926 3470 ingressus
951 3397 1207 3472 gladium
1236 3409 1587 3471 contumque
1613 3393 1863 3467 timebis,

275 3474 353 3532 Et
375 3485 544 3533 motae
572 3474 644 3532 ad
674 3474 870 3531 lunam
895 3474 1206 3550 trepidabis
1234 3474 1533 3532 arundinis
1561 3471 1860 3529 umbram:

275 3552 555 3612 Cantabit
581 3570 794 3609 vacuus
821 3571 1012 3609 coram
1039 3554 1257 3612 latrone
1286 3553 1482 3610 viator.

276 3631 475 3689 Prima
503 3629 623 3688 fere
654 3641 782 3687 vota
808 3641 868 3688 et
893 3633 1120 3689 cunctis
1147 3631 1447 3688 notissima
1474 3625 1702 3702 templis

276 3709 542 3780 Divitiae3
586 3720 851 3766 crescant
879 3719 941 3765 ut
966 3728 1125 3785 opes,
1153 3719 1217 3765 ut
1243 3708 1496 3765 maxima
1521 3715 1641 3763 toto

277 3789 493 3849 Nostra
520 3788 596 3846 sit
624 3805 759 3845 arca
786 3787 921 3844 soro.
1005 3788 1124 3845 Sed
1152 3787 1313 3844 nulla
1343 3783 1574 3843 aconita
1597 3782 1871 3841 bibuntur

917 3865 956 3920 4
978 3865 1012 3898 ⁴*
1843 3885 1848 3891 ·

2178 2603 2256 2670 10

2181 3001 2259 3061 15
