2613 4161
288 248 370 306 76
924 242 990 290 D.
1023 241 1216 289 JUNu
1251 237 1648 286 JquNAms

292 385 368 445 Et
393 384 627 444 meliore
653 383 775 441 luto
801 382 964 440 finxit
989 379 1301 457 praeoordia
1331 377 1546 434 Titan:
2199 375 2282 432 35

294 464 409 520 Sed
440 464 686 536 reliquos
716 461 986 535 fugienda
1014 471 1234 534 patrum
1264 455 1502 529 vestigia
1530 454 1770 525 ducunt,

293 541 369 598 Et
396 552 704 598 monstrata
733 537 834 596 diu
863 538 1065 594 veteris
1092 537 1261 592 trahit
1287 535 1468 590 orbita
1496 532 1697 605 culpae.

295 621 605 675 Abstineas
633 620 803 693 igitur
827 614 1165 673 damnandis
1192 632 1205 668 :
1252 612 1420 686 hujus
1446 610 1599 665 enim
1631 610 1716 665 vel

296 697 425 753 Una
453 708 655 771 potens
682 696 824 752 ratio
849 704 953 763 est,
983 712 1056 748 ne
1083 691 1324 747 crimina
1355 701 1544 744 nostra
1573 698 1874 759 sequantur

295 774 386 830 Ex
411 775 576 831 nobis
602 773 814 848 geniti;
858 771 1122 846 quoniam
1152 768 1366 824 dociles
1395 765 1683 822 imitandis
2199 766 2278 821 40

297 852 594 926 Turpibus
622 868 690 906 ac
718 850 902 924 pravis
928 866 1129 905 omnes
1157 863 1388 910 sumus;
1431 855 1489 898 et
1517 842 1824 897 Catilinam

295 928 663 1002 Quocunque
694 928 750 983 in
779 927 986 1001 populo
1014 926 1226 993 videaS,
1249 939 1586 995 quocunque
1616 920 1723 975 sub
1750 937 1888 975 axe:

299 1007 413 1061 Sed
445 1024 556 1062 nec
583 1006 793 1062 Brutus
820 1005 945 1074 erit,
974 1001 1133 1059 Bruti
1163 1018 1272 1056 nec
1302 997 1617 1055 avunculus
1647 1015 1900 1071 usquam.

298 1083 396 1140 Nil
426 1084 583 1140 dictu
612 1084 825 1139 foedum
857 1082 1087 1153 visuque
1117 1080 1239 1134 haec
1267 1077 1464 1133 limina
1491 1086 1707 1149 tangat,

297 1160 458 1219 Intra
478 1180 603 1235 quae
630 1177 770 1236 puer
799 1168 902 1217 est.
955 1192 960 1196 ·
983 1157 1189 1214 Procul
1219 1156 1377 1225 hinc,
1405 1153 1600 1227 procul
1631 1152 1765 1209 inde
1790 1151 1994 1227 puellae
2198 1153 2280 1210 45

298 1238 621 1309 Lenonum,
650 1249 709 1296 et
735 1248 938 1294 cantus
963 1234 1352 1310 pernoctantis
1377 1231 1627 1308 parasiti.

299 1315 558 1373 Maxima
585 1316 823 1374 debetur
849 1333 1025 1390 puero
1051 1311 1384 1370 reverentia.
1471 1309 1534 1364 Si
1561 1307 1696 1382 quid

299 1393 499 1468 Turpe
525 1412 710 1470 paras,
738 1412 812 1449 ne
839 1403 901 1450 tu
927 1391 1089 1467 pueri
1117 1387 1528 1464 contempseris
1555 1405 1737 1446 annos
1760 1404 1775 1443 t

202 1505 210 1512 ·
300 1471 417 1527 Sed
444 1482 752 1546 peccaturo
778 1471 963 1528 obstet
990 1470 1089 1526 tibi
1118 1468 1268 1524 filius
1295 1467 1499 1524 infanS.

300 1548 457 1605 Nam
485 1549 534 1606 si
561 1550 697 1624 quid
724 1549 964 1624 dignum
992 1541 1264 1604 Censoris
1291 1545 1492 1601 fecerit
1518 1543 1604 1600 ira
2197 1543 2283 1601 50

296 1627 686 1703 Quandoque,
714 1637 774 1684 et
799 1626 1043 1684 similem
1070 1624 1174 1681 tibi
1201 1643 1262 1680 se
1289 1642 1407 1680 non
1434 1639 1670 1696 corpore
1696 1618 1921 1679 tantum

300 1705 433 1765 Nec
457 1706 615 1763 vultu
643 1705 881 1775 dederit,
909 1721 1131 1760 morum
1158 1720 1381 1776 quoque
1407 1699 1579 1770 filius,
1607 1709 1666 1756 et
1690 1699 1808 1773 qui·

300 1782 519 1841 Omnia
544 1780 796 1840 deterius
823 1792 922 1839 tua
945 1799 1046 1855 per
1066 1778 1303 1854 vestigia
1330 1788 1552 1853 peccet,

301 1861 590 1938 corripies
619 1860 890 1941 nimirum
911 1869 971 1918 et
996 1857 1303 1932 castigabis
1331 1856 1537 1913 acerbo

303 1939 589 2011 Clamore,
619 1957 688 1996 ac
712 1949 839 2014 post
864 1939 991 1995 haec
1017 1936 1237 1992 tabulas
1264 1945 1484 1991 mutare
1511 1932 1753 2009 parabis.
2201 1934 2284 1992 55

300 2016 472 2076 Unde
500 2017 603 2074 tibi
632 2017 874 2074 frontem
900 2016 1332 2088 libertatemque
1358 2012 1628 2090 parentiS,

302 2094 510 2156 Quum
538 2095 714 2153 facias
738 2095 932 2170 pejora
957 2112 1154 2162 senex,
1184 2109 1540 2165 vacuumque
1568 2089 1806 2147 cerebro

303 2171 342 2231 J
346 2191 439 2230 am
465 2173 687 2249 pridem
713 2182 886 2247 caput
914 2173 1025 2229 hoc
1051 2180 1285 2226 ventosa
1313 2168 1612 2226 cucurbita
1638 2167 1898 2241 quaerat‘l

384 2251 631 2326 Hospite
657 2260 917 2322 venturo,
944 2246 1193 2307 cessabit
1220 2266 1391 2305 nemo
1417 2258 1659 2305 tuorum.

304 2329 487 2387 Verre
512 2329 919 2404 pavimentum,
947 2327 1160 2385 nitidas
1185 2326 1425 2383 ostende
1452 2323 1768 2395 columnas,
2203 2324 2286 2381 60

306 2407 491 2467 Arida
517 2425 650 2463 curn
677 2406 798 2464 tota
826 2406 1139 2464 descendat
1165 2421 1376 2460 aranea
1395 2402 1542 2470 tela;

307 2482 428 2542 Hic
453 2484 578 2540 leve
606 2493 926 2558 argentum,
953 2501 1090 2539 vasa
1115 2500 1316 2556 aspera
1342 2490 1562 2555 tergeat
1588 2479 1762 2547 alter3

306 2562 440 2619 Vox
466 2560 681 2620 domini
709 2560 845 2618 furit
871 2560 1152 2630 instantis,
1184 2560 1511 2634 virgamque
1542 2557 1805 2614 tenentis.

304 2635 467 2714 Ergo
495 2639 667 2698 miser
692 2638 961 2713 trepidas,
989 2657 1065 2695 ne
1092 2648 1340 2694 stercore
1368 2635 1520 2693 foeda
1544 2635 1756 2693 canino

310 2718 477 2774 Atria
501 2709 841 2793 displiceant
865 2715 1049 2774 oculis
1075 2714 1354 2773 venientis
1380 2714 1570 2785 amici,
2203 2712 2286 2771 65

308 2793 406 2854 Ne
429 2794 661 2871 perfusa
684 2793 804 2852 luto
829 2794 904 2851 sit
926 2793 1210 2869 porticus;
1252 2803 1312 2850 et
1338 2803 1530 2849 tamen
1559 2809 1674 2849 uno
2022 2804 2026 2808 ·

310 2872 583 2931 Semodio
608 2871 796 2930 scobis
822 2872 948 2928 haec
974 2872 1241 2929 emendat
1268 2870 1526 2927 servulus
1552 2887 1722 2926 unus.

310 2951 463 3008 Illud
489 2967 607 3008 non
634 2949 835 3025 agitas,
865 2958 928 3006 ut
954 2960 1210 3007 sanctam
1238 2949 1389 3006 filius
1414 2946 1573 3006 omni

309 3028 614 3104 Adspiciat
639 3027 763 3086 sine
789 3027 916 3084 labe
945 3028 1197 3099 domum,
1219 3027 1464 3103 vitioque
1492 3024 1828 3082 carentem?

309 3105 552 3164 Gratum
578 3116 684 3177 est,
710 3100 865 3180 quod
889 3105 1088 3180 patriae
1115 3106 1300 3162 civem
1326 3104 1646 3179 populoque
1676 3102 1903 3175 dedisti,
2209 3102 2290 3162 70

312 3182 378 3241 Si
405 3184 566 3256 faciS,
596 3195 660 3241 ut
686 3184 882 3259 patriae
908 3183 981 3241 sit
1008 3183 1267 3252 idoneus,
1294 3182 1452 3238 utilis
1479 3181 1651 3255 agriS,

310 3259 479 3318 Utilis
505 3272 564 3318 et
588 3261 864 3318 benorum
891 3271 949 3318 et
974 3261 1133 3337 pacis
1159 3262 1330 3317 rebus
1359 3260 1614 3333 agendis

310 3336 632 3397 Plurimum
659 3338 813 3396 enim
835 3339 1108 3409 intererit,
1137 3339 1343 3411 quibus
1371 3337 1607 3407 artibus,
1636 3346 1696 3394 et
1722 3335 1928 3411 quibus
1955 3336 2113 3394 hunc
2142 3344 2209 3392 tu

311 3413 573 3476 Moribus
600 3417 877 3474 instituas.
962 3417 1241 3490 Serpente
1269 3415 1495 3472 ciconia
1522 3415 1709 3489 pullos

311 3493 374 3552 N
376 3495 529 3564 utrit,
557 3505 616 3551 et
641 3493 872 3551 inventa
897 3512 999 3569 per
1027 3493 1190 3550 devia
1217 3512 1349 3549 rura
1374 3493 1620 3549 lacerta:
2212 3490 2296 3550 75

313 3570 407 3629 Illi
434 3572 637 3629 eadem
665 3572 902 3646 sumptis
928 3581 1189 3645 quaerunt
1218 3570 1488 3627 animalia
1523 3569 1732 3644 pinnis.

312 3648 543 3719 Vultur,
566 3649 825 3723 jumento
851 3648 1173 3710 etcanibus
1201 3649 1581 3721 crucibusque
1608 3646 1842 3719 relictis,

316 3726 415 3782 Ad
444 3725 616 3798 soetus
637 3734 915 3799 properat,
932 3734 1270 3797 partemque
1299 3725 1592 3781 cadaveris
1620 3724 1801 3780 affert.
