2613 4161
1087 251 1332 297 SATIRA
1384 253 1472 297 vl.

288 390 491 456 Aptior
519 391 660 448 hora
686 390 838 463 cibo,
870 390 981 447 nisi
1008 410 1175 465 quam
1206 392 1427 448 dederit
1457 391 1742 449 Petosiris,

368 469 432 525 Si
460 468 766 526 mediocris
793 469 932 538 erit3
977 470 1220 543 spatium
1249 470 1507 526 lustrabit
1535 471 1797 545 utrinque

286 546 598 619 Metarum‚
628 558 686 604 et
712 559 890 604 sortes
916 548 1108 618 ducet,
1140 549 1494 622 frontemque
1524 567 1875 623 manumque

284 624 571 682 Praebebit
597 626 709 683 vati
737 627 998 682 crebrum
1027 644 1337 700 poppysma
1359 627 1598 701 roganti.

284 703 573 760 Divitibus
600 723 868 779 responsa
896 705 1115 760 dabunt
1143 704 1333 778 Phryx
1362 723 1542 779 augur
1570 716 1627 761 et
1655 704 1838 761 Indus

242 814 245 817 ·
284 782 647 853 ConductuS,
677 783 834 838 dabit
861 794 1141 843 astrorum
1169 784 1481 857 mundique
1509 785 1742 857 peritus,

286 861 480 933 Atque
508 860 712 934 aliquis
741 861 950 931 senior,
978 860 1076 934 qui
1103 861 1335 935 publica
1364 861 1587 936 fulgura
1614 863 1826 918 condit.

285 937 586 994 Plebeium
617 939 676 995 in
706 938 863 995 circo
890 939 1137 1013 positum
1166 949 1251 994 est
1277 950 1336 994 et
1365 939 1424 994 in
1453 958 1660 1014 aggere
1693 940 1884 997 fatum.

282 1016 440 1076 Quae
471 1016 642 1073 nullis
669 1016 908 1091 longum
929 1016 1180 1073 ostend-it
1200 1017 1519 1073 cervicibus
1548 1035 1772 1089 aurum,

284 1094 553 1151 Consulit
581 1107 713 1152 ante
743 1095 961 1169 phalaS,
991 1093 1502 1169 delphinorumque
1530 1095 1846 1167 columnaS,

284 1173 385 1229 An
407 1178 553 1248 'saga
579 1173 849 1230 vendenti
878 1173 1058 1229 nubat
1093 1191 1353 1248 caupone
1382 1173 1596 1231 relicto,

368 1250 478 1306 Hae
502 1262 700 1308 ‘tamen
728 1262 786 1308 et
810 1252 1005 1326 partus
1033 1252 1282 1308 subeunt
1311 1252 1640 1323 discrimen,
1670 1262 1727 1309 et
1752 1271 1952 1310 omnes

284 1328 547 1386 Nutricis
575 1330 836 1401 tolerant,
866 1329 1092 1387 fortuna
1119 1341 1424 1405 urguente,
1452 1331 1711 1400 labores,
1698 1351 1710 1363 ·

285 1409 404 1464 Sed
430 1407 585 1483 jacet
612 1419 808 1465 aurato
834 1408 929 1464 vix
955 1408 1072 1465 ulla
1131 1425 1374 1484 uerpera
1401 1408 1567 1466 lecto,

283 1484 547 1544 Tantum
574 1497 723 1544 artes
750 1486 939 1562 hujus,
966 1497 1191 1545 tantum
1216 1487 1602 1544 medicamina
1628 1496 1883 1563 possunt.
1885 1520 1968 1532 —

365 1565 629 1623 Transeo
656 1565 991 1641 suppositos,
1013 1576 1071 1622 et
1090 1565 1320 1642 gaudia,
1348 1575 1586 1639 votaque
1614 1564 1765 1642 saepe

284 1643 383 1700 Ad
411 1662 646 1718 spurcos
673 1645 913 1720 decepta
938 1642 1120 1715 lacuS,
1150 1655 1320 1719 atque
1348 1644 1482 1701 inde
1509 1643 1715 1719 petitos

284 1722 615 1794 Pontifices,
646 1722 850 1795 Salios,
881 1723 1227 1780 Scaurorum
1255 1723 1492 1780 nomina
1520 1723 1661 1779 falso

284 1800 540 1876 Corpore
567 1802 798 1858 laturos,
884 1801 1010 1857 Stat
1036 1799 1295 1857 Fortuna
1322 1800 1578 1875 improba
1605 1811 1803 1873 noctu,

287 1880 567 1936 Arridens
593 1879 768 1937 nudis
796 1878 1124 1936 infantibus
1209 1878 1335 1934 Hos
1365 1878 1510 1935 fovet
1534 1896 1754 1952 omneS,

285 1956 639 2032 Involvitque
668 1958 799 2015 sinu
824 1976 836 2015 ε
882 1957 1144 2014 domibus
1171 1966 1313 2012 tunc
1339 1956 1577 2032 porrigit
1605 1957 1751 2029 altis,

287 2036 702 2112 Secretumque
730 2036 838 2094 sibi
867 2035 1105 2093 mimum
1131 2046 1309 2111 parat.
1394 2035 1519 2094 Hos
1547 2043 1717 2109 amat,
1747 2035 1836 2093 his
1861 2054 1924 2094 se

284 2116 525 2192 Ingerit,
554 2127 728 2192 utque
757 2134 890 2173 suos
917 2116 1111 2172 ridens
1138 2115 1401 2189 producit
1429 2115 1705 2173 alumnos,

364 2195 483 2251 Hic
511 2194 763 2270 magicos
791 2194 952 2252 affert
978 2205 1201 2265 cantuS,
1232 2194 1328 2251 hic
1356 2193 1640 2251 Thessala
1671 2194 1866 2251 vendit

283 2273 524 2345 Philtra,
552 2274 758 2348 quibus
785 2273 970 2330 valeat
997 2282 1248 2329 mentem
1278 2291 1481 2330 vexare
1510 2272 1795 2329 mariti.—

283 2350 434 2409 Inde
465 2351 643 2409 animi
670 2351 878 2427 caligo,
907 2362 965 2409 et
992 2370 1203 2426 magna
1227 2350 1436 2408 oblivio
1464 2368 1674 2422 rerum,

280 2430 453 2492 Quas
479 2428 648 2487 modo
677 2430 918 2506 gessisti.
1002 2430 1230 2486 Tamen
1259 2430 1369 2486 hoc
1397 2428 1708 2500 tolerabile,
1737 2428 1784 2485 si
1805 2448 1922 2487 non

283 2510 361 2567 Et
390 2510 578 2566 furere
607 2509 867 2584 incipiaS‚
896 2519 960 2565 ut
981 2508 1299 2565 avunculus
1330 2507 1425 2564 ille
1455 2506 1725 2581 Neronis,

284 2587 399 2644 Cui
428 2599 605 2646 totam
631 2587 858 2664 tremuli
890 2588 1132 2644 frontem
1161 2586 1428 2644 Caesonia
1453 2586 1595 2662 pulli

283 2665 523 2723 Infudit.
602 2665 757 2728 Quae
786 2685 901 2724 non
930 2665 1121 2737 faciet,
1148 2667 1299 2740 quod
1329 2665 1610 2741 Principis
1637 2666 1818 2722 uxor?

283 2745 584 2802 Ardebant
610 2756 840 2818 cuncta,
867 2755 924 2801 et
952 2745 1129 2801 fracta
1158 2760 1433 2819 compage
1462 2745 1721 2816 ruebant,

284 2822 420 2881 Non
451 2823 632 2896 aliter,
659 2821 831 2898 quam
863 2824 910 2880 si
941 2822 1164 2889 fecisset
1191 2822 1347 2880 Juno
1375 2823 1640 2879 maritum

276 2901 580 2977 ⁴I'nsanum.
664 2900 864 2959 Minus
892 2899 1029 2977 ergo
1060 2921 1276 2958 nocens
1303 2901 1412 2958 erit
1438 2899 1773 2976 Agrippinae

284 2982 520 3038 Boletus
544 2999 558 3037 t
600 2980 878 3055 siquidem
909 2981 1080 3036 unius
1107 2980 1420 3055 praecordia
1446 2980 1651 3055 pressit

285 3056 394 3116 Ille
423 3058 596 3131 senis,
623 3057 1038 3133 tremulumque
1067 3069 1236 3133 caput
1264 3059 1614 3115 descendere
1635 3056 1805 3132 jussit

285 3136 358 3193 In
387 3137 618 3209 coelum,
647 3147 706 3193 et
726 3135 956 3211 longam
985 3136 1275 3192 manantia
1300 3136 1459 3193 labra
1486 3136 1735 3192 salivam.

287 3215 433 3272 Haec
459 3216 642 3290 poscit
670 3215 880 3272 serrum
909 3225 1074 3289 atque
1103 3213 1284 3289 igneS,
1315 3214 1439 3270 haec
1465 3215 1619 3290 potio
1646 3223 1906 3287 torquet:

285 3293 434 3351 Haec
456 3294 669 3351 lacerat
696 3293 901 3350 mixtos
928 3293 1200 3367 Equitum
1229 3312 1362 3349 cum
1392 3294 1669 3368 sanguine
1699 3292 1911 3348 Patres.

284 3371 463 3429 Tanti
491 3382 686 3446 partus
713 3372 904 3445 equae!
949 3371 1144 3446 quanti
1175 3391 1288 3427 una
1316 3371 1572 3427 venefica
1598 3371 1859 3427 constat?

362 3450 630 3507 Oderunt
657 3461 822 3507 natos
850 3450 920 3506 de
948 3450 1188 3539 pellice,
1176 3469 1187 3481 ·
1232 3469 1401 3506 nemo
1432 3458 1728 3523 repugnet,

282 3528 476 3585 Nemo
503 3539 692 3585 vetet:
729 3527 847 3602 jam
869 3527 987 3602 jam
1015 3528 1335 3602 privignum
1365 3526 1630 3583 occidere
1661 3524 1743 3581 fas
1771 3535 1870 3582 est.

282 3608 405 3664 Vos
431 3625 560 3681 eg0,
588 3605 808 3695 pupilli,
838 3624 1060 3676 moneo,
1088 3606 1292 3679 quibus
1321 3602 1555 3677 amplior
1583 3613 1671 3659 est
1697 3623 1808 3676 reS,

283 3684 585 3742 Custodite
613 3683 853 3754 animaS‚
882 3694 940 3739 et
966 3651 1107 3739 nulli
1135 3680 1351 3738 credite
1382 3698 1611 3737 mensae.

282 3762 489 3822 Livida
514 3773 774 3820 materno
804 3761 1022 3817 servent
1049 3759 1274 3833 adipata
1301 3776 1537 3815 veneno,

2152 393 2272 452 465

2153 784 2270 842 470

2150 1174 2270 1232 475
2315 1147 2334 1159 ”

2148 2350 2269 2408 490

2150 2742 2269 2801 495

2152 3525 2272 3582 505
