2613 4161
1072 224 1323 272 snm
1358 224 1507 273 xm
2199 227 2275 287 81

301 361 542 420 Sorbere
570 373 704 419 ante
733 362 925 419 cibum
953 363 1102 436 quod
1130 364 1337 421 debeat
1362 374 1421 421 et
1446 374 1604 438 pater
1629 373 1688 422 et
1707 381 1827 423 rex.
2157 365 2281 425 255

300 440 558 497 Monstro
588 441 932 514 voluptatem
961 442 1270 514 egregiam,
1302 443 1396 498 cui
1428 443 1587 499 nulla
1615 444 1857 514 theatra,

299 517 476 574 Nulla
505 536 727 590 aequare
754 537 928 590 queas
955 519 1217 574 Praetoris
1244 520 1462 593 pulpita
1488 521 1647 591 lauti,

301 596 361 650 Si
393 606 634 669 specteS‚
658 606 868 668 quanto
897 596 1096 671 capitis
1123 596 1451 652 discrimine
1480 606 1743 655 constent

301 673 666 728 Incrementa
694 673 916 742 domus,
948 674 1119 729 aerata
1148 673 1357 729 multus
1386 674 1445 729 in
1476 674 1610 731 arcii

301 751 522 819 FiscuS,
552 762 609 805 et
637 750 706 806 ad
738 749 964 824 vigilem
994 751 1244 824 ponendi
1272 752 1512 807 Castora
1541 751 1782 823 nummi,
2162 752 2282 811 260

301 828 386 883 Ex
414 847 526 901 quo
555 826 712 883 Mars
741 829 884 885 ultor
905 828 1126 904 galeam
1155 846 1376 901 quoque
1405 830 1667 902 perdidit,
1696 842 1754 886 et
1779 847 1873 888 res

300 905 432 962 Non
464 905 645 979 potuit
670 923 893 962 servare
920 925 1066 962 suas,
1148 903 1305 978 Ergo
1328 907 1522 962 omnia
1547 904 1731 963 Florae

298 983 375 1039 Et
401 983 629 1039 Cereris
655 982 792 1039 licet
818 994 877 1039 et
900 982 1148 1056 Cybeles
1176 983 1359 1038 aulaea
1388 983 1708 1057 relinquas:

299 1060 494 1116 Tanto
524 1059 765 1133 majores
792 1062 1046 1116 humana
1073 1060 1301 1134 negotia
1329 1060 1466 1116 ludi.

343 1138 350 1142 ’
379 1139 476 1193 An
506 1135 687 1211 magis
713 1138 1004 1194 oblectant
1031 1138 1285 1193 animum
1309 1137 1524 1211 jactata
1543 1148 1779 1212 petauro
2165 1141 2285 1197 265

299 1216 568 1289 Corpora,
596 1216 803 1289 quique
830 1216 971 1272 solet
997 1226 1214 1271 rectum
1243 1215 1594 1271 descendere
1623 1216 1836 1288 funem,

297 1291 496 1352 Quam
524 1302 608 1362 tu,
637 1292 883 1366 Corycia
910 1312 1131 1368 semper
1157 1292 1254 1367 qui
1280 1311 1468 1367 puppe
1495 1295 1729 1350 moraris

299 1371 493 1443 Atque
521 1369 764 1439 habitas,
792 1370 942 1427 Coro
969 1381 1199 1445 semper
1219 1370 1502 1427 tollendus
1528 1381 1587 1427 et
1613 1371 1848 1445 AustrO,

299 1447 563 1504 Perditus
590 1466 660 1503 ac
684 1447 809 1503 vilis
829 1448 983 1504 sacci
1009 1458 1286 1504 mercator
1312 1447 1545 1516 olentis3

297 1524 423 1584 Qui
452 1525 669 1599 gaudes
694 1525 906 1600 pingue
936 1526 1180 1598 antiquae
1210 1526 1282 1582 de
1312 1526 1499 1582 littore
1529 1526 1717 1583 Cretae
2163 1527 2286 1586 270

300 1603 539 1659 Passum
568 1611 627 1658 et
652 1602 970 1692 municipes
996 1602 1154 1663 Jovis
1182 1602 1476 1659 advexisse
1503 1603 1738 1677 lagenas
1755 1604 1782 1660 'l

301 1678 420 1736 Hic
448 1691 640 1736 tamen
668 1680 902 1754 ancipiti
931 1680 1113 1754 figens
1140 1680 1377 1754 vestigia
1402 1679 1597 1755 planta

300 1757 536 1814 Victum
568 1758 665 1814 illa
693 1758 959 1814 mercede
985 1768 1164 1832 parat,
1193 1758 1564 1830 brumamque
1591 1756 1913 1834 famemque

301 1833 411 1890 Illa
439 1846 586 1892 reste
614 1847 811 1892 cavet:
855 1845 917 1891 tu
943 1845 1168 1909 propter
1195 1833 1351 1890 mille
1378 1833 1590 1890 talenta

301 1912 377 1969 Et
405 1923 637 1969 centum
666 1913 826 1969 villas
855 1912 1202 1969 temerarius.
1285 1911 1540 1986 Adspice
1566 1921 1763 1986 portus
2162 1913 2286 1972 275

301 1989 377 2047 Et
402 1990 635 2065 plenum
663 1991 886 2065 magnis
914 1990 1167 2046 trabibus
1194 2007 1382 2057 mare3
1425 1989 1552 2064 plus
1579 1989 1875 2046 hominum
1900 1999 1988 2048 est
2005 1988 2126 2067 jam

302 2066 373 2124 In
401 2068 639 2143 pelago.
682 2068 872 2125 veniet
898 2068 1113 2139 classiS‚
1142 2065 1485 2142 quocunque
1512 2067 1728 2125 vocarit

302 2146 447 2219 Spes
474 2146 638 2216 lucri,
667 2165 778 2201 nec
806 2146 1178 2221 Carpathium
1204 2146 1541 2219 Gaetulaque
1568 2143 1792 2203 tantum

301 2224 557 2297 AEquora
582 2223 906 2294 transsiliet,
935 2226 1056 2295 sed,
1085 2221 1255 2299 longe
1285 2224 1466 2299 Calpe
1495 2223 1718 2296 relicta,

302 2301 520 2357 Audiet
548 2301 834 2358 Herculeo
861 2302 1193 2358 stridentem
1219 2302 1444 2375 gurgite
1471 2300 1664 2358 solem.
2165 2302 2286 2359 280

299 2379 534 2434 Grande
561 2397 747 2453 operae
777 2380 1020 2454 pretium
1046 2389 1151 2449 est,
1182 2390 1245 2435 ut
1270 2389 1432 2434 tenso
1460 2378 1592 2435 folle
1619 2378 1825 2435 reverti

299 2454 450 2512 Inde
481 2455 712 2512 domum
717 2458 937 2531 possiS,
966 2457 1294 2530 tumidaque
1324 2456 1600 2531 superbus
1628 2456 1805 2530 eluti,

300 2532 528 2589 Oceani
557 2544 807 2590 monstra
832 2544 890 2591 et
911 2533 1149 2609 juvenes
1177 2534 1385 2590 vidisse
1413 2534 1679 2592 marinos.

300 2609 437 2666 Non
469 2629 616 2666 unus
644 2622 864 2668 mentes
892 2611 1066 2686 agitat
1092 2612 1260 2668 furor.
1343 2610 1450 2667 Ille
1477 2612 1682 2672 sororis

301 2687 373 2743 In
402 2689 670 2744 manibus
698 2689 855 2745 vultu
884 2688 1272 2747 Eumenidum
1297 2698 1553 2746 terretur
1569 2700 1628 2746 et
1653 2687 1810 2765 igni:
2164 2690 2288 2750 285

301 2765 421 2821 Hic
450 2765 592 2822 bove
621 2784 895 2839 percusso
921 2767 1144 2841 mugire
1173 2767 1616 2860 Agamemnona
1641 2768 1826 2825 credit

302 2843 426 2899 Aut
451 2842 737 2900 Ithacum.
819 2843 1025 2901 Parcat
1050 2843 1260 2901 tunicis
1285 2840 1434 2901 licet
1452 2854 1620 2930 atque
1647 2843 1911 2917 lacerniS,

301 2920 600 2978 Curatoris
628 2930 780 2995 eget,
808 2922 905 2995 qui
934 2940 1135 2979 navem
1164 2913 1477 2978 mercibus
1480 2921 1677 2997 implet

301 2998 399 3054 Ad
428 3017 716 3054 summum
742 2997 908 3067 latuS,
936 3009 996 3056 et
1020 2998 1215 3055 tabula
1242 2998 1606 3074 distinguitur
1634 2998 1827 3068 11111164

298 3075 506 3135 Quum
534 3075 607 3132 sit
632 3094 809 3131 causa
834 3076 967 3132 mali
996 3075 1163 3146 tanti,
1193 3086 1252 3132 et
1277 3076 1626 3134 discriminis
1654 3077 1843 3151 hujus,
2168 3074 2290 3133 290

301 3152 618 3209 Concisum
648 3163 951 3227 argentum
979 3153 1039 3209 in
1068 3152 1266 3210 titulos
1282 3153 1570 3227 faciesque
1598 3152 1868 3212 minutas.

300 3228 635 3286 Occurrunt
660 3230 844 3286 nubes
870 3243 928 3288 et
955 3229 1195 3306 fulgura.
1280 3230 1492 3288 Solvite
1522 3231 1736 3302 funem,

301 3306 605 3364 Frumenti
635 3304 900 3365 dominus
928 3309 1136 3366 clamat
1160 3308 1497 3397 piperisque
1508 3307 1795 3384 coempti;

301 3384 401 3441 Nil
432 3384 588 3442 color
616 3385 713 3441 hic
740 3386 891 3457 coeli,
919 3387 998 3442 nil
1029 3386 1205 3443 fascia
1231 3386 1396 3461 nigra
1422 3386 1710 3442 minatur·
1693 3428 1710 3455 ,

301 3460 590 3520 AEstivum
618 3472 792 3521 tonat.
876 3432 1083 3521 Infelix
1111 3463 1222 3520 hac
1250 3463 1526 3520 forsitan
1513 3462 1636 3536 lpsfi
2173 3459 2295 3519 295

298 3540 495 3598 Nocte
523 3541 691 3598 cadet
720 3541 911 3598 fractis
938 3542 1208 3613 trabibus,
1237 3541 1526 3613 fluctuque
1554 3548 1844 3613 premetur

299 3617 582 3689 Obrutus,
611 3629 670 3675 et
697 3638 904 3676 zonam
932 3619 1074 3675 laeva
1102 3636 1403 3691 morsuque
1430 3616 1664 3674 tenebit.

295 3697 420 3753 Sed
448 3696 614 3772 cujus
639 3698 782 3755 votis
808 3694 979 3760 modo
1007 3715 1123 3754 non
1151 3696 1454 3754 suffecerat
1479 3711 1700 3766 aurum,
