2613 4161
1121 259 1370 307 SATIRA
1405 260 1511 308 ΧΠ

328 397 585 455 Vocibus
608 398 914 470 obscoenis‚
944 399 1211 474 omnique
1240 399 1498 458 libidinis
1527 411 1668 471 arte,

319 475 451 536 Qui
481 476 982 534 Lacedaemonium
1012 478 1313 552 pytismate
1343 479 1587 537 lubricat
1610 479 1843 537 orbem:

322 553 596 629 Namque
625 555 703 612 ibi
732 554 1000 612 Fortunae
1028 557 1252 612 veniam
1281 558 1502 614 damus.
1585 559 1735 615 Alea
1761 559 1960 636 turpis,

207 648 227 651 -
322 631 530 707 Turpe
558 643 617 689 et
645 632 985 690 adulterium
1015 634 1413 693 mediocribus.
1499 635 1646 693 Haec
1674 638 1878 694 eadem
1905 637 1988 696 illi

322 710 542 768 Omnia
567 730 743 785 quum
773 712 1002 783 faciant,
1030 712 1237 769 hilares
1263 714 1542 804 nitidique
1571 727 1863 773 vocantur.

323 787 544 846 Nostra
570 790 790 847 dabunt
818 790 959 847 alios
987 790 1156 848 hodie
1183 791 1444 849 convivia
1470 792 1667 850 ludos:

324 867 604 925 Conditor
632 868 844 926 Iliados
872 869 1211 941 cantabitur,
1241 880 1408 958 atquc
1436 869 1695 928 Maronis

325 945 576 1003 Altisoni
604 946 839 1003 dubiam
869 947 1138 1004 facientia
1165 948 1421 1006 carmina
1445 949 1709 1024 palmam.

322 1023 491 1084 Quid
520 1024 707 1096 refert,
736 1026 879 1082 tales
908 1045 1102 1082 versus
1128 1026 1241 1100 qus).
1270 1045 1407 1084 voce
1435 1027 1736 1117 legantur?

410 1103 523 1160 Sed
554 1121 711 1160 nunc
742 1103 933 1161 dilatis
962 1114 1150 1160 averte
1178 1106 1410 1179 negotia
1438 1105 1611 1177 curiS,

325 1180 404 1237 Et
431 1193 649 1256 gratam
677 1181 930 1256 requiem
959 1182 1109 1239 dona
1135 1182 1256 1254 tibi,
1286 1184 1514 1257 quando
1541 1184 1737 1243 licebit

325 1258 438 1315 Per
464 1270 643 1317 totam
670 1277 891 1317 cessare
920 1260 1106 1316 diem:
1150 1280 1265 1318 non
1296 1262 1527 1319 foenoris
1554 1262 1670 1320 ulla

326 1336 571 1410 MentiO,
600 1357 729 1410 nec,
758 1338 939 1414 prima
968 1339 1014 1394 si
1043 1338 1173 1396 luce
1201 1356 1450 1414 egressa,
1479 1342 1681 1399 reverti
1711 1388 1712 1391 η

326 1414 517 1473 Nocte
545 1416 706 1489 solet,
733 1416 908 1474 tacito
937 1416 1238 1475 bflemxtibi
1266 1420 1563 1476 contrahat
1591 1439 1832 1477 uxor.—

325 1494 605 1552 Protenus
635 1506 766 1552 ante
794 1514 1004 1567 meum,
1033 1496 1303 1570 quidquid
1335 1498 1507 1569 dolet,
1535 1517 1681 1555 exue
1708 1498 1919 1556 limen:

324 1572 488 1629 Pone
517 1573 750 1631 domum
777 1584 835 1631 et
861 1592 1070 1644 servos,
1099 1585 1157 1631 et
1184 1575 1457 1649 quidquid
1488 1577 1764 1651 frangitur
1783 1577 1917 1650 illis,

323 1651 449 1708 Aut
474 1652 653 1727 perit:
697 1652 948 1728 ingratos
975 1662 1107 1709 ante
1134 1653 1330 1709 omnia
1355 1673 1502 1728 pone
1531 1655 1769 1712 sodales·

404 1729 633 1788 Interea
659 1729 1061 1806 Megalesiacae
1090 1731 1416 1804 spectacula
1442 1750 1662 1820 mappae

323 1806 548 1865 Idaeum
577 1808 812 1866 solenne
843 1808 1057 1879 colunt,
1087 1808 1398 1882 similisque
1426 1809 1713 1884 triumpho

321 1886 526 1944 Praeda
554 1888 899 1945 caballorum
928 1887 1141 1943 Praetor
1169 1885 1362 1956 sedet;
1407 1906 1494 1958 ac,
1524 1887 1665 1944 mihi
1691 1906 1835 1962 pace

328 1963 632 2022 Immensae
660 1966 967 2039 nimiaeque
994 1964 1129 2021 licet
1157 1964 1204 2021 si
1233 1964 1425 2021 dicere
1452 1965 1653 2040 plebis,

325 2043 539 2102 Totam
565 2044 732 2102 hodie
760 2045 1010 2103 Romam
1039 2043 1227 2101 circus
1255 2044 1426 2121 capit,
1454 2055 1512 2101 et
1535 2045 1720 2121 fragor
1747 2063 1944 2104 aurem

325 2122 601 2195 Percutit‚
630 2134 897 2181 eventum
925 2123 1119 2180 viridis
1146 2142 1258 2197 quo
1285 2124 1494 2199 colligo
1520 2124 1713 2199 panni.

325 2201 500 2273 Nam,
530 2202 579 2258 si
601 2202 891 2274 deficeret,
921 2212 1182 2258 moestam
1209 2203 1615 2277 attonitamque
1643 2202 1867 2259 videres

325 2279 500 2336 Hanc
528 2281 749 2352 urbem,
777 2279 951 2337 veluti
979 2280 1357 2337 Cannarum
1342 2300 1402 2337 in
1431 2281 1663 2356 pulvere
1690 2279 1857 2337 victis

324 2357 694 2416 Consulibus
779 2360 1054 2435 Spectent
1076 2359 1334 2434 juvenes,
1363 2378 1503 2432 quos
1530 2359 1741 2416 clamor
1769 2368 1828 2416 et
1855 2358 2044 2417 audax

327 2436 593 2510 Sponsio,
620 2454 761 2511 quos
788 2436 957 2493 cultae
984 2438 1153 2493 decet
1179 2436 1457 2493 assedisse
1483 2436 1721 2512 puellae3

328 2515 607 2589 Spectent
635 2515 749 2571 hoc
775 2526 986 2590 nuptae,
1009 2512 1172 2591 juxta
1199 2516 1512 2572 recubante
1540 2516 1762 2587 marit0,

324 2591 503 2652 Quod
530 2594 741 2668 pudeat
766 2594 1028 2651 narrasse
1055 2592 1301 2667 aliquem
1327 2594 1742 2669 praesentibus
1728 2594 1880 2670 ipsis.

323 2613 568 2728 Nostrap
566 2671 720 2729 bibat
747 2690 984 2730 vernum
1009 2681 1302 2728 contracta
1330 2671 1579 2729 cuticula
1606 2672 1803 2743 solem,

326 2748 692 2824 Effugiatque
719 2760 927 2826 togam.
1011 2748 1049 2805 J
1055 2768 1145 2805 am
1167 2767 1325 2806 nunc
1353 2751 1411 2806 in
1442 2750 1666 2823 balnea,
1696 2750 1852 2808 salva

326 2826 561 2899 Fronte,
591 2827 727 2886 licet
758 2831 948 2900 vadas,
978 2846 1304 2902 quanquam
1332 2827 1515 2885 solida
1541 2829 1679 2885 hora
1706 2828 1948 2905 supersit

333 2906 421 2961 Ad
450 2917 684 2963 sextam.
767 2906 985 2963 Facere
1014 2908 1122 2962 hoc
1150 2925 1265 2964 non
1293 2907 1473 2982 possis
1502 2906 1753 2981 quinque
1782 2906 1986 2965 diebus

325 2982 651 3056 ContinuiS,
679 2985 811 3059 quia
839 2995 971 3042 sunt
997 2984 1128 3041 talis
1154 3003 1379 3058 quoque
1405 2986 1575 3042 taedia
1601 2987 1731 3043 vitoe

326 3060 561 3137 Magna.
646 3061 980 3138 Voluptates
1007 3063 1371 3120 commendat
1397 3064 1571 3121 rarior
1593 3083 1748 3121 usus.

1067 3375 1384 3434 SATIRA
1420 3374 1564 3434 XII.

401 3529 463 3587 N
464 3548 665 3602 mmm,
693 3527 971 3603 Corvine,
989 3530 1082 3589 die
1109 3530 1251 3588 mihi
1279 3531 1500 3588 dulcior
1527 3530 1656 3589 haec
1681 3530 1799 3605 lux,

319 3607 462 3667 Qua
491 3607 667 3664 festus
693 3610 967 3684 promissa
993 3610 1118 3666 deis
1146 3608 1417 3666 animalia
1443 3626 1645 3683 cespes

319 3685 648 3761 Exspectat.
730 3686 791 3745 N
795 3688 976 3744 iveam
1006 3687 1254 3763 Reginae
1284 3686 1547 3742 ducimus
1575 3703 1817 3763 agnam:

321 3763 431 3821 Par
458 3763 646 3821 vellus
674 3765 902 3823 dabitur
930 3764 1214 3897 Ρὲιὲῐιαῐιῑί
1240 3764 1508 3837 Gorgone
1538 3763 1746 3823 Mauri

2192 639 2304 698 165

2192 1032 2306 1088 170

2191 1423 2306 1480 175

2190 1812 2305 1870 180

2190 2204 2305 2261 185

2191 2596 2305 2662 190.

2192 2985 2303 3043 195
