2613 4161
1110 221 1360 269 SATIRA
1394 222 1486 270 v1.

301 359 486 418 Altior
515 360 609 418 hic
642 379 817 435 quare
845 361 1196 419 cincinnus?
1237 362 1471 419 Taurea
1496 373 1663 438 punit

296 437 592 497 Continuo
622 439 753 496 flexi
782 440 1002 496 crimen
1033 441 1366 525 facinusque
1396 441 1601 516 capilli.

292 517 461 576 Quid
492 518 702 575 Psecas
732 518 1004 581 admisit?
1045 537 1309 592 quaenam
1336 530 1423 576 est
1451 518 1548 575 hio
1578 520 1748 594 culpa
1774 521 2001 596 puellae,

297 596 361 651 Si
391 597 494 652 tibi
524 596 813 670 displicuit
838 616 1013 654 nasus
1040 599 1217 653 tuus?
1303 597 1505 653 Altera
1532 596 1739 655 laevum

294 673 593 746 Extendit,
623 675 910 750 pectitque
938 693 1152 745 comaS,
1181 685 1239 732 et
1265 675 1436 731 volvit
1457 675 1518 731 in
1546 678 1762 734 orbem.

296 751 401 809 Est
430 753 486 808 in
518 753 759 810 consilio
786 765 1043 810 matrona
1071 753 1410 827 admotaque
1438 753 1585 810 lanis

296 829 552 887 Emerita
579 850 707 905 quae
737 843 924 888 cessat
952 850 1060 887 acu
1083 850 1096 886 z
1138 830 1424 888 sententia
1448 832 1636 905 prima

295 908 488 983 Hujus
515 910 622 966 erit
644 928 658 978 ;
704 921 829 983 post
856 910 1007 966 hanc
1037 918 1202 965 aetate
1230 919 1400 984 atque
1427 920 1547 966 arte
1575 909 1829 967 minores

294 987 650 1054 censebunt,
679 998 950 1062 tanquam
982 988 1144 1044 samae
1174 986 1482 1061 discrimen
1511 999 1710 1063 agatur

296 1067 417 1122 Aut
448 1066 651 1122 animae
676 1084 689 1122 ε
732 1076 893 1123 tanta
919 1076 1007 1122 est
1032 1065 1326 1141 quaerendi
1355 1083 1495 1122 cura
1522 1066 1762 1123 decoris,

293 1143 410 1200 Tot
436 1145 641 1219 premit
667 1143 983 1216 ordinibuS,
1011 1155 1092 1201 tot
1118 1144 1310 1201 adhuc
1338 1143 1712 1220 compagibus
1740 1144 1920 1203 altum

293 1222 569 1279 AEdificat
598 1233 786 1297 caput.
868 1223 1320 1279 Andromachen
1350 1241 1385 1278 a
1413 1222 1595 1280 fronte
1623 1222 1877 1282 videbis,

290 1298 432 1357 Post
459 1300 644 1358 minor
674 1312 798 1357 est:
840 1302 1039 1357 credas
1067 1300 1252 1358 aliam.
1335 1300 1517 1372 Cedo,
1546 1301 1595 1358 si
1623 1302 1792 1360 breve
1811 1301 1971 1380 parvi

292 1379 506 1436 Sortita
535 1389 624 1436 est
647 1377 840 1436 lateris
860 1380 1124 1454 spatium,
1154 1378 1483 1454 breviorque
1510 1379 1732 1438 videtur

291 1457 532 1532 Virgine
561 1457 849 1532 Pygmaea,
878 1457 1050 1515 nullis
1077 1457 1270 1532 adjuta
1296 1457 1611 1529 cothurniS,

289 1535 366 1592 Et
392 1536 533 1592 levis
559 1536 752 1592 erecta
781 1537 1075 1612 consurgit
1101 1535 1173 1593 ad
1193 1536 1395 1593 oscula
1420 1536 1662 1611 planta?

367 1613 547 1671 Nulla
572 1613 676 1671 viri
705 1632 844 1671 cura
871 1614 1108 1686 interea,
1138 1632 1248 1670 nec
1274 1615 1492 1672 mentio
1511 1615 1610 1674 fiet

289 1691 645 1750 Damnorum
671 1709 684 1748 :
728 1693 865 1749 vivit
889 1703 1158 1767 tanquam
1184 1692 1374 1749 vicina
1399 1693 1619 1750 marito.

287 1770 421 1828 Hoc
449 1770 568 1828 solo
593 1771 839 1846 propior,
868 1767 1024 1844 quod
1054 1769 1267 1827 amicos
1295 1770 1557 1844 conjugis
1582 1770 1705 1829 odit

288 1848 364 1905 Et
391 1868 598 1921 servoS,
625 1848 814 1924 gravis
840 1859 927 1906 est
952 1847 1284 1905 rationibus,
1366 1847 1524 1905 Ecce
1553 1849 1793 1906 furentis

287 1927 543 1985 Bellonae
571 1927 878 2002 matrisque
910 1925 1083 1984 desim
1111 1927 1319 1983 chorus
1347 1925 1538 1999 intrat,
1565 1937 1625 1984 et
1652 1926 1859 2004 ingens

290 2007 554 2078 Semivir,
554 2038 634 2048 —

444 2085 621 2142 —cui
649 2103 824 2142 rauca
851 2086 1072 2156 cohorS,
1101 2084 1198 2141 cui
1227 2095 1496 2160 tympana
1522 2086 1739 2144 cedunt

285 2162 541 2235 Plebeia,
569 2175 626 2221 et
655 2163 904 2238 Phrygia
933 2164 1167 2221 vestitur
1195 2164 1381 2221 bucca
1407 2164 1571 2221 tiara

284 2243 521 2299 Grande
549 2253 731 2312 sonat,
759 2242 1049 2331 metuique
1072 2242 1235 2317 jubet
1258 2242 1614 2316 Septembris
1639 2253 1698 2299 et
1725 2203 1926 2301 Austri

284 2322 637 2392 Adventum,
665 2320 775 2377 nisi
804 2339 865 2377 se
893 2331 1126 2377 centum
1153 2320 1471 2377 lustraverit
1495 2320 1634 2393 ovis,

284 2398 362 2456 Et
386 2398 799 2474 xerampelinas
821 2409 1037 2455 veteres
1064 2397 1399 2455 donaverit
1385 2398 1512 2473 ipsi,

285 2477 382 2548 Ut,
410 2477 686 2552 quidquid
713 2475 886 2533 subiti
912 2487 971 2534 et
997 2478 1191 2552 magni
1219 2476 1567 2534 discriminis
1595 2476 1787 2550 instat,

283 2554 360 2611 In
388 2555 615 2612 tunicas
641 2566 752 2627 eat,
780 2562 838 2611 et
865 2565 1046 2612 totum
1074 2555 1249 2612 semel
1276 2554 1467 2629 expiet
1488 2574 1721 2613 annum.

284 2633 612 2691 Hibernum
635 2628 819 2691 fracta
846 2632 1032 2709 glacie
1059 2633 1413 2691 descendet
1397 2652 1458 2689 in
1486 2652 1736 2723 amnem,

284 2711 408 2769 Ter
436 2712 716 2768 matutino
743 2711 945 2768 Tiberi
973 2723 1281 2787 mergetur,
1310 2722 1368 2769 et
1396 2711 1535 2786 ipsis

283 2790 615 2847 Vorticibus
641 2790 906 2847 timidum
933 2801 1105 2866 caput
1131 2790 1363 2848 abluet:
1406 2791 1542 2847 inde
1560 2790 1810 2867 Superbi

283 2867 503 2926 Totum
532 2868 682 2944 regis
710 2886 910 2944 agrum
937 2870 1092 2926 nuda
1120 2888 1188 2926 ac
1215 2869 1594 2927 tremebunda
1619 2871 1875 2929 cruentis

283 2947 500 3022 Erepet
526 2947 790 3022 genibus,
875 2947 939 3003 Si
967 2949 1218 3005 candida
1239 2947 1474 3022 jusserit
1499 2947 1588 3021 Io,

283 3025 401 3081 Ibit
425 3026 498 3083 ad
526 3026 762 3101 AEgypti
790 3024 985 3097 finem,
1015 3026 1316 3100 calidaque
1344 3026 1550 3101 petitas

282 3103 339 3159 A
375 3103 572 3160 Meroe
599 3103 843 3179 portabit
869 3122 1062 3178 aquaS,
1090 3114 1154 3160 ut
1179 3112 1407 3179 spargat
1433 3104 1491 3161 in
1523 3106 1707 3163 aedem

282 3181 475 3253 Isidis,
504 3183 735 3256 antiquo
760 3201 887 3257 quae
912 3181 1168 3256 proxima
1193 3182 1375 3257 surgit
1398 3181 1550 3240 ovili.

282 3260 486 3317 Credit
513 3261 668 3317 enim
693 3261 870 3335 ipsius
897 3261 1142 3318 dominae
1171 3280 1232 3318 se
1260 3279 1399 3319 voce
1426 3260 1664 3319 moneri.

285 3339 378 3395 En
409 3339 660 3395 animam
686 3349 746 3396 et
765 3349 1036 3411 mentem,
1066 3358 1199 3396 cum
1225 3339 1339 3414 qua
1362 3337 1423 3396 di
1451 3350 1622 3396 nocte
1649 3338 1986 3413 loquantur!

281 3414 440 3492 Ergo
469 3417 564 3473 hic
584 3418 937 3492 praecipuum
967 3436 1365 3492 summumque
1393 3427 1643 3474 meretur
1670 3418 1965 3492 honorem,

279 3494 406 3555 Qui
434 3514 609 3571 grege
638 3495 878 3571 linigero
908 3496 1317 3566 circumdatuS,
1340 3505 1398 3551 et
1422 3512 1598 3569 grege
1625 3494 1786 3553 calvo

278 3574 616 3648 Plangentis
636 3574 831 3649 populi
859 3575 1036 3631 currit
1063 3575 1275 3631 derisor
1304 3572 1550 3628 Anubis

278 3652 386 3709 Ille
415 3653 558 3727 petit
586 3652 828 3723 veniam,
856 3652 1077 3728 quoties
1103 3671 1218 3708 non
1249 3649 1494 3706 abstinet
1521 3668 1662 3708 uxor

277 3730 616 3789 Concubitu
643 3730 822 3788 sacris
847 3729 1328 3804 observandisque
1358 3728 1561 3785 diebus
1583 3747 1599 3798 3

2145 2166 2264 2224 400

2139 2946 2261 3006 410

2137 3337 2260 3398 415
