2613 4161
1157 243 1409 293 sunu
1441 244 1486 292 1.
2224 250 2307 309 93

318 380 564 460 Pinguis
590 381 951 459 aqualiculus
976 400 1260 459 propenso
1286 382 1624 459 sesquipede
1650 394 1850 445 exstet.

317 463 377 521 Ο
400 463 570 534 Jane,
613 481 649 519 a
675 475 836 537 tergo
862 481 1030 534 quem
1059 462 1215 518 nulla
1242 463 1472 519 ciconia
1492 462 1687 537 pinsit,

320 541 452 598 Nec
481 559 684 597 manus
714 540 999 597 auriculas
1028 540 1248 596 imitata
1274 552 1364 597 est
1390 541 1615 597 mobilis
1642 541 1803 612 altas»,

321 619 452 675 Nec
479 619 711 692 linguae,
739 616 1016 691 quantum
1038 618 1191 674 sitiat
1218 617 1381 674 canis
1409 619 1660 691 Appula,
1690 618 1945 678 tantum!
2224 622 2303 678 60

321 697 463 766 vos,
490 695 547 753 O
573 697 845 772 patricius
872 696 1126 769 sanguiS,
1153 714 1296 769 quos
1322 695 1509 752 vivere
1540 696 1622 752 fas
1648 707 1738 753 est

320 774 576 849 Occipiti
606 792 780 842 caeco,
808 774 1040 848 posticae
1067 774 1355 829 occurrite
1384 792 1599 829 sannae.

401 853 556 913 Quis
582 851 775 926 populi
804 869 989 908 sermo
1010 853 1135 908 est'l
1174 853 1303 924 quis
1331 851 1526 906 enim?
1568 850 1678 907 nisi
1706 852 1965 912 carmina
1995 854 2156 912 molli

323 928 505 986 Nunc
532 930 763 985 demum
792 947 1033 985 numero
1061 928 1257 998 fluere,
1288 940 1351 984 ut
1379 947 1478 1002 per
1506 928 1628 985 leve
1657 947 1881 987 severos

323 1007 602 1065 Effundat
622 1007 894 1081 junctura
924 1024 1149 1081 ungues
1174 1024 1186 1061 :
1231 1007 1341 1062 scit
1367 1006 1602 1062 tendere
1631 1024 1854 1063 versum
2222 1009 2303 1064 65

324 1084 461 1142 Non
490 1103 675 1155 secus,
703 1103 772 1141 ac
799 1085 846 1141 si
875 1085 1045 1141 oculo
1071 1083 1360 1140 rubricam
1388 1082 1595 1158 dirigat
1621 1102 1755 1141 uno.

325 1164 460 1219 Sive
485 1182 629 1238 opus
651 1162 711 1219 in
742 1182 945 1232 moreS,
976 1163 1036 1218 in
1062 1163 1284 1233 luxum,
1316 1162 1375 1218 in
1403 1162 1646 1236 prandia
1674 1181 1901 1238 regum,

328 1240 555 1312 Dicere,
578 1259 669 1297 res
695 1242 940 1315 grandes
968 1253 1159 1297 nostro
1181 1241 1279 1296 dat
1306 1239 1481 1295 Musa
1505 1244 1707 1314 poetae.

404 1318 563 1375 Ecce
591 1316 762 1376 modo
793 1319 992 1375 heroas
1019 1336 1221 1375 sensus
1251 1319 1452 1374 afferre
1491 1318 1749 1375 videmus

324 1395 383 1452 N
388 1397 547 1472 ugari
574 1396 766 1453 solitos
792 1394 1017 1467 Graece,
1047 1415 1156 1453 nec
1184 1415 1395 1471 ponere
1423 1394 1617 1452 lucum
2222 1399 2302 1457 70

325 1474 613 1546 ArtificeS,
641 1492 751 1531 nec
779 1493 874 1531 rus
901 1484 1156 1533 saturum
1181 1475 1438 1544 laudare,
1466 1474 1566 1530 ubi
1602 1473 1824 1547 corbes,
2290 1502 2293 1503 ⁷

324 1552 402 1609 Et
429 1553 609 1624 focus,
635 1564 695 1609 et
718 1552 897 1627 porci,
924 1564 984 1609 et
1013 1552 1233 1608 fumosa
1260 1551 1465 1607 Palilia
1493 1552 1678 1609 steno:

322 1631 493 1689 Unde
522 1631 766 1701 Remus,
795 1630 1067 1704 sulcoque
1094 1638 1286 1686 terens
1313 1629 1582 1699 dentalia,
1608 1627 1844 1701 Quinti,

321 1708 527 1769 Quum
556 1708 776 1783 trepida
804 1719 938 1764 ante
967 1708 1136 1763 boves
1163 1707 1500 1763 dictatorem
1528 1705 1715 1763 induit
1740 1725 1903 1782 uxor,
2195 1742 2202 1747 ·

322 1785 400 1843 Et
425 1798 524 1843 tua
557 1796 743 1842 aratra
762 1785 998 1842 domum
1024 1783 1192 1840 lictor
1216 1783 1381 1839 tulit:
1423 1801 1571 1857 euge
1596 1785 1801 1857 po'etal
1916 1816 1919 1817 ⁷
2221 1784 2303 1856 75

400 1863 507 1921 Est
533 1881 712 1932 nunc,
742 1861 957 1919 Briseis
985 1878 1155 1935 quem
1184 1878 1425 1918 venosus
1450 1860 1593 1917 liber
1615 1859 1787 1932 Acci,
1848 1878 1863 1907 ι

323 1942 492 2012 Sunt,
521 1960 664 2015 quos
691 1938 1090 2013 Pacuviusque
1117 1951 1176 1996 et
1202 1956 1506 1995 verrucosa
1541 1948 1790 1995 moretur

323 2019 599 2095 Antiopa,
627 2018 893 2074 <erumnis
916 2036 1011 2073 cor
1037 2012 1400 2094 luctificabile
1411 2014 1601 2092 fulta.

323 2098 451 2156 Hos
477 2097 669 2174 pueris
695 2096 945 2154 monitus
968 2108 1156 2171 patres
1183 2096 1485 2153 infundere
1512 2095 1694 2171 lippos

320 2175 527 2236 Quum
556 2176 767 2247 videaS,
794 2175 1101 2249 quaerisne,
1131 2175 1288 2231 unde
1319 2175 1443 2231 haec
1461 2186 1685 2250 sartago
1712 2174 1984 2249 loquendi
2218 2176 2301 2236 80

322 2254 565 2310 Venerit
592 2253 651 2310 in
677 2254 949 2329 linguas'l
993 2254 1146 2310 unde
1174 2253 1327 2309 istud
1357 2252 1631 2323 dedecus,
1660 2253 1719 2308 in
1747 2271 1863 2327 quo

321 2331 634 2389 Trossulus
661 2331 905 2388 exsultat
931 2331 1034 2388 tibi
1060 2350 1160 2406 per
1189 2331 1457 2388 subsellia
1487 2330 1666 2387 levis‘l

322 2409 500 2466 Nilne
527 2411 720 2485 pudet,
749 2409 921 2484 capiti
951 2428 1066 2466 non
1095 2428 1258 2484 posse
1284 2408 1539 2483 pericula
1564 2424 1712 2465 cano

319 2487 562 2559 Pellere,
589 2488 728 2562 quin
756 2486 1010 2562 tepidum
1041 2488 1150 2545 hoc
1175 2498 1337 2562 optes
1364 2486 1581 2557 audire,
1610 2489 1978 2545 oscen-rna?

401 2563 522 2621 Fur
550 2584 632 2636 eS,
662 2566 740 2623 ait
766 2566 959 2623 Pedio.
1042 2565 1257 2623 Pedius
1283 2564 1461 2639 quid'l
1501 2564 1744 2623 crimina
1767 2565 1911 2623 rasis
2215 2568 2297 2627 85

319 2642 519 2700 Librat
548 2644 607 2700 in
635 2643 959 2701 antithetis:
1001 2645 1197 2701 doctas
1223 2645 1479 2718 posuisse
1507 2642 1717 2718 figuras

319 2720 648 2778 Laudatur:
693 2721 902 2778 bellum
931 2722 1040 2779 hoc
1065 2740 1077 2777 ε
1120 2723 1231 2778 hoc
1259 2721 1512 2778 bellum'l
1554 2740 1649 2792 an,
1678 2722 1951 2795 Romule,
1972 2723 2182 2781 ceves?

318 2798 480 2855 Men'
512 2800 775 2857 moveat?
815 2798 1020 2875 quippe
1050 2811 1126 2870 et,
1154 2810 1349 2857 cantet
1375 2800 1423 2856 si
1450 2800 1781 2875 naufragus,
1812 2819 1998 2858 assem

317 2877 697 2934 Protulerim'l
739 2888 954 2950 cantas,
982 2896 1160 2952 quum
1189 2879 1368 2935 fracta
1395 2888 1452 2935 te
1480 2878 1540 2935 in
1569 2878 1730 2936 trabe
1757 2878 1976 2953 pictum

317 2954 410 3011 Ex
438 2956 675 3013 humero
701 2968 905 3032 portes.
988 2957 1227 3028 Verum,
1258 2975 1370 3013 nec
1399 2966 1569 3013 nocte
1598 2967 1858 3031 paratum
2211 2956 2294 3014 90

315 3032 589 3105 Plorabit,
617 3034 714 3109 qui
744 3053 834 3091 me
861 3033 1011 3090 volet
1036 3034 1365 3091 incurvasse
1391 3033 1640 3108 querela.
1694 3091 1695 3094 ,

400 3110 514 3167 Sed
544 3111 799 3168 numeris
825 3112 999 3168 decor
1025 3121 1114 3168 est
1140 3121 1199 3167 et
1220 3111 1491 3186 junctura
1516 3112 1710 3170 addita
1737 3112 1948 3170 crudis.

313 3187 601 3246 Claudere
628 3189 714 3246 sio
742 3208 966 3246 versum
1011 3189 1229 3262 didicit,
1254 3189 1673 3265 Berecynthius
1699 3190 1913 3247 Attin.-

261 3327 272 3338 ,
314 3265 410 3336 Et,
447 3266 571 3333 Qui
599 3268 890 3325 coeruleum
917 3266 1219 3325 dirimebat
1245 3268 1439 3326 Nerea
1465 3269 1727 3344 delphin:

314 3344 437 3415 Sic,
487 3344 716 3402 Costam
742 3346 909 3420 longo
936 3345 1295 3402 subduzimus
1323 3346 1644 3422 Apennino.
2212 3347 2295 3405 95

310 3420 504 3478 Arma
526 3423 734 3495 vitum,
756 3442 949 3482 nonne
977 3425 1087 3482 hoc
1115 3438 1444 3499 spumosum
1473 3436 1533 3481 et
1559 3423 1770 3481 cortice
1796 3423 2039 3501 pingui?

310 3498 394 3557 Ut¹
417 3497 630 3564 ramale
656 3512 817 3559 vetus
842 3502 1163 3577 praegrandi
1189 3503 1395 3559 subere
1424 3513 1670 3558 coctum.

307 3576 611 3638 Quidnam
640 3577 811 3654 igitur
837 3590 1119 3651 terrerum,
1148 3592 1206 3637 et
1231 3581 1362 3637 laxa
1389 3578 1613 3635 cervice
1639 3578 1989 3654 legendum?

321 3653 524 3716 Torua*
545 3655 928 3714 Mimalloneis
954 3658 1260 3733 implerunt
1285 3675 1501 3713 cornua
1527 3656 1768 3713 bombis:

309 3732 402 3790 Et
428 3742 657 3809 raptum
683 3734 862 3792 vitulo
891 3745 1068 3811 caput
1093 3735 1364 3791 ablatura
1389 3734 1624 3811 superbo
1782 3753 1783 3756 ¹
2180 3734 2293 3792 100

308 3810 617 3886 Bassaris,
643 3820 698 3869 et
728 3812 979 3889 Lyncem
1005 3812 1228 3869 Moenas
1237 3811 1473 3894 flexura
1498 3810 1775 3887 corymbis
