2613 4161
304 249 385 306 68
914 243 992 291 ·D.
1028 243 1223 291 JUNn
1257 240 1653 290 JUVENALIS

304 386 454 444 Tres
481 386 651 442 habet
678 385 949 442 hoeredes.
1032 385 1200 442 Libet
1227 394 1577 458 exspectare,
1606 382 1733 456 quis
1759 398 1970 457 aegram

311 463 382 522 Et
409 466 769 521 claudentem
796 463 992 521 oc'ulos
1018 463 1288 538 gallinam
1318 461 1612 536 impendat
1639 460 1825 518 amico

305 543 456 599 Tam
485 542 676 599 sterili.
757 539 977 600 Verum
1005 542 1129 598 haec
1156 540 1337 596 nimia
1362 550 1448 595 est
1477 538 1765 614 impensa:
1808 537 2071 596 coturnix
2206 539 2293 596 95

305 621 483 678 Nulla
513 638 761 695 unquam
787 639 888 694 pro
914 631 1072 695 patre
1099 619 1282 675 cadet.
1368 617 1596 673 Sentire
1624 618 1871 674 calorem

306 699 371 756 Si
400 700 570 774 coepit
595 696 848 772 locuples
874 697 1103 769 Gallita,
1122 706 1181 753 et
1210 695 1475 768 Paccius,
1503 695 1650 767 orbi,

306 773 589 853 Legitime
619 775 745 832 fixis
773 776 1002 832 vestitur
1031 785 1147 833 tota
1171 773 1395 831 tabellis

305 855 563 913 Porticus
588 874 601 911 z
643 853 940 925 exsistunt,
968 853 1065 927 qui
1091 852 1422 928 promittant
1448 850 1844 923 hecatomben,

304 933 614 994 Quatenus
636 932 733 989 hic
761 951 876 989 non
905 942 1038 989 sunt
1064 950 1175 988 nec
1204 930 1432 987 venales
1458 930 1768 1004 elephanti,
2173 930 2288 986 100

304 1011 437 1068 Nec
466 1011 651 1082 Latio,
681 1023 778 1068 aut
805 1029 1041 1085 usquam
1071 1020 1263 1067 nostro
1293 1008 1400 1064 sub
1428 1007 1614 1065 sidere
1641 1008 1770 1065 talis

305 1090 504 1146 Bellua
531 1089 879 1163 concipitur3
922 1089 1023 1145 sed
1054 1088 1211 1145 furva
1237 1097 1409 1161 gente
1436 1087 1613 1162 petita

305 1168 622 1224 Arboribus
650 1168 886 1225 Rutulis
913 1177 970 1224 et
998 1167 1185 1223 Turni
1213 1166 1464 1241 pascitur
1493 1184 1650 1240 agre,

304 1245 551 1302 Caesaris
582 1257 918 1316 armentum,
947 1246 1090 1302 nulli
1118 1244 1326 1302 servire
1354 1254 1612 1318 paratum

305 1324 533 1380 Privato
558 1341 571 1377 z
615 1324 893 1397 siquidem
922 1323 1101 1398 Tyrio
1127 1341 1326 1398 parere
1355 1322 1613 1379 solebant
2169 1321 2285 1379 105

306 1400 639 1472 Hannibali,
668 1412 725 1457 et
752 1402 958 1459 nostris
984 1402 1248 1473 ducibus,
1276 1401 1509 1475 regique
1536 1398 1807 1472 Molosso,

307 1479 529 1537 Horum
555 1479 820 1554 majoreS,
849 1499 917 1536 ac
946 1480 1112 1537 dorso
1139 1481 1285 1536 ferre
1314 1480 1594 1550 cohortes,

305 1559 531 1615 Partem
561 1557 804 1631 aliquam
834 1558 985 1629 belli,
1014 1569 1071 1614 et
1097 1570 1331 1614 euntem
1358 1558 1417 1614 in
1445 1558 1641 1632 proelia
1666 1556 1882 1614 turrim.

305 1635 486 1694 Nulla
511 1635 683 1710 igitur
710 1655 867 1693 mora
892 1656 993 1712 per
1020 1636 1289 1708 Novium,
1321 1655 1478 1692 mora
1505 1635 1663 1693 nulla
1685 1654 1787 1713 per
1814 1635 2076 1693 Histrum

306 1715 641 1785 Pacuvium,
671 1714 808 1789 quin
839 1715 976 1771 illud
1005 1715 1145 1771 ebur
1173 1716 1415 1771 ducatur
1443 1715 1514 1770 ad
1543 1733 1689 1786 araS,
2170 1714 2287 1771 110

306 1793 382 1850 Et
410 1795 575 1850 cadat
602 1804 735 1850 ante
763 1793 911 1850 lares
937 1793 1181 1864 Gallitae,
1210 1793 1440 1849 victima
1466 1793 1586 1850 sola

305 1872 514 1930 Tantis
541 1873 717 1947 digna
743 1872 884 1944 deis,
912 1881 969 1928 et
996 1871 1376 1947 captatoribus
1403 1873 1622 1928 horum.

305 1951 469 2008 Alter
495 1951 669 2021 enim,
698 1949 746 2006 si
774 1950 1058 2007 concedas
1085 1961 1354 2022 mactare,
1380 1950 1602 2007 vovebit
1663 1995 1678 2005 .

305 2028 396 2087 De
424 2048 598 2105 grege
626 2046 913 2086 servorum
940 2047 1150 2104 magna
1179 2040 1275 2087 aut
1302 2027 1685 2105 pulcherrima
1710 2045 1950 2106 quoeque

306 2108 585 2183 Corpora;
628 2107 714 2163 vel
745 2108 935 2181 pueris
960 2117 1017 2163 et
1046 2107 1326 2164 frontibus
1354 2108 1689 2166 ancillarum
2168 2107 2285 2165 115

305 2185 567 2261 Imponet
594 2186 757 2242 vittas
781 2205 795 2254 3
838 2196 914 2256 et,
942 2186 988 2242 si
1016 2205 1127 2259 qua
1153 2196 1240 2242 est
1267 2187 1481 2243 nubilis
1509 2185 1588 2243 illi

305 2264 606 2340 Iphigenia
633 2264 806 2335 domi,
835 2264 991 2322 dabit
1017 2265 1168 2321 hanc
1196 2265 1497 2334 altaribus;
1541 2265 1647 2322 etsi

303 2343 438 2402 Non
468 2353 653 2419 sperat
679 2343 909 2419 tragicae
939 2344 1139 2401 furtiva
1165 2344 1389 2420 piacula
1410 2362 1608 2401 cervae.

304 2421 505 2479 Laudo
531 2440 723 2477 meum
752 2424 954 2493 civem,
984 2442 1093 2479 nec
1120 2441 1386 2497 comparo
1414 2432 1751 2480 testamento

304 2499 466 2556 Mille
493 2509 674 2555 rates:
715 2518 868 2570 nam,
898 2500 944 2555 si
974 2501 1282 2558 Libitinam
1311 2501 1549 2557 evaserit
1572 2520 1741 2576 aeger,
2169 2500 2285 2558 12⁰

304 2577 533 2634 Delebit
558 2577 797 2648 tabulas,
826 2578 1080 2634 inclusus
1106 2598 1337 2637 carcere
1364 2597 1567 2651 nassae,

304 2654 439 2712 Post
466 2654 728 2711 meritum
749 2652 889 2711 sane
918 2656 1259 2729 mirandum,
1283 2671 1451 2731 atque
1477 2657 1672 2714 omnia
1699 2657 1805 2715 soli

308 2733 526 2790 Forsan
556 2732 803 2790 Pacuvio
832 2733 1072 2792 breviter
1100 2737 1273 2793 dabit.
1358 2736 1465 2792 Ille
1494 2735 1770 2811 superbus

303 2813 543 2870 Incedet
570 2812 732 2868 victis
758 2812 1040 2869 rivalibus.
1125 2812 1280 2889 Ergo
1310 2816 1487 2885 vides,
1515 2812 1687 2888 quam

301 2891 534 2949 Grande
560 2909 743 2965 operae
772 2892 1011 2967 pretium
1043 2893 1214 2950 faciat
1235 2893 1496 2968 jugulata
1523 2891 1803 2968 Mycenis.
2169 2893 2285 2952 lffi

380 2969 552 3027 Vivat
580 2968 882 3040 PacuviuS,
910 2988 1120 3043 quaeso,
1148 2972 1233 3028 vel
1263 2972 1510 3028 Nestora
1535 2981 1748 3028 totum:

301 3047 613 3118 Possideat,
641 3058 916 3122 quantum
943 3048 1128 3122 rapuit
1154 3048 1348 3107 Nero:
1391 3049 1678 3107 montibus
1706 3067 1907 3106 aurum

302 3125 607 3206 Exaequet3
648 3144 761 3184 nec
789 3138 939 3184 amet
964 3146 1308 3205 quenquam,
1335 3146 1447 3186 nec
1474 3137 1694 3186 ametur
1720 3128 1794 3185 ab
1821 3126 1974 3186 ullo!
