2613 4161
279 182 412 242 102.
951 181 1013 229 A.
1049 178 1280 228 PERsn
1314 177 1564 225 FLAcm

276 322 534 400 Fregerit
559 321 849 394 articuIOS,
876 321 1081 378 veteris
1107 320 1344 377 ramalia
1371 319 1482 395 fagi
1508 337 1521 374 ε

274 401 450 459 Tunc
477 419 698 458 crassos
728 399 999 457 transisse
1028 400 1170 477 dies,
1193 399 1492 471 lucemque
1523 396 1854 470 palustrem,

276 479 352 538 Et
377 480 485 536 sibi
508 479 628 554 jam
650 478 762 537 seri
790 479 961 535 vitam
992 462 1326 552 ingemuere
1356 475 1627 532 relictam.

355 558 436 614 At
462 567 519 614 te
541 556 835 614 nocturnis
856 556 1014 630 juvat
1041 554 1430 628 impallescere
1463 551 1693 609 chartis

276 634 475 696 Cultor
502 636 658 692 enim
682 634 956 709 juvenum
984 642 1254 708 purgatas
1277 631 1480 687 inseris
1509 649 1674 686 aures

276 712 467 788 Fruge
495 712 827 769 Cleanthea.
910 711 1092 767 Petite
1115 708 1271 780 hinc,
1294 709 1645 784 juvenesque
1674 725 1970 781 senesque,

278 788 483 848 Finem
511 791 699 848 animo
725 801 964 859 certum,
991 787 1321 861 miserisque
1352 787 1557 842 viatica
1582 785 1760 842 caniS.

277 871 293 898 ‘
313 868 458 924 Cras
487 869 596 924 hoc
624 867 755 924 fiet)
840 864 1006 922 Idem
1026 885 1153 922 cras
1180 865 1294 921 fiet.
1381 870 1395 895 ‘
1414 864 1622 925 Quid?
1663 863 1822 938 quasi
1851 881 2146 938 magnum,

276 945 504 1022 Nempe
533 946 684 1002 diem
714 946 893 1002 donas
914 945 955 1000 ’ξ’
1041 944 1155 1000 Sed
1184 961 1358 1016 quum
1389 943 1486 999 lux
1513 943 1692 998 altera
1721 941 1890 1012 venit,

277 1023 313 1078 J
318 1041 409 1080 am
439 1042 567 1080 cras
597 1025 923 1079 hesternum
952 1021 1442 1096 consumpsimus:
1485 1039 1624 1077 ecce
1653 1019 1809 1077 aliud
1837 1038 1964 1075 cras

278 1100 477 1176 Egerit
504 1103 606 1159 hos
633 1119 832 1172 annOS,
861 1111 918 1157 et
946 1118 1167 1175 semper
1198 1098 1431 1174 paulum
1460 1100 1567 1156 erit
1588 1096 1753 1155 ultra.

278 1178 431 1235 Nam
459 1179 713 1254 quamvis
738 1197 911 1254 prope
940 1188 1015 1249 te,
1044 1178 1298 1252 quamvis
1327 1189 1554 1234 temone
1584 1177 1690 1233 sub
1720 1195 1835 1233 uno

278 1257 612 1313 Vertentem
642 1275 785 1328 sese,
815 1255 1019 1313 frustra
1048 1256 1340 1312 sectabere
1369 1257 1664 1326 canthum,

277 1334 481 1394 Quum
507 1344 629 1390 rota
655 1334 927 1408 posterior
955 1353 1168 1405 curraS,
1196 1342 1254 1389 et
1281 1333 1342 1389 in
1372 1353 1476 1390 axe
1505 1333 1776 1389 secundo,

358 1410 646 1467 Libertate
673 1420 815 1486 opus
840 1422 944 1482 est,
966 1431 1081 1469 non
1110 1412 1242 1482 hac,
1270 1430 1440 1486 quam
1468 1424 1531 1468 ut
1561 1412 1798 1485 quisque
1827 1408 2037 1467 Velina

280 1488 519 1550 Publius
546 1490 806 1561 emeruit,
837 1490 1158 1547 scabiosum
1188 1490 1467 1546 tesserula
1499 1490 1578 1545 far

280 1567 555 1623 Possidet.
617 1566 774 1624 *Heu
802 1568 1020 1626 steriles
1046 1568 1183 1638 veri,
1210 1568 1418 1642 quibus
1446 1586 1561 1624 una
1584 1566 1875 1628 Quiritem

279 1644 517 1721 Vertigo
543 1644 678 1701 facit
701 1647 713 1702 !
760 1645 878 1702 Hic
904 1644 1089 1702 Darna
1116 1657 1203 1702 est
1231 1665 1345 1703 non
1377 1646 1570 1702 tressis
1599 1663 1790 1720 agaSO,

281 1723 484 1797 Vappa
507 1733 567 1780 et
590 1723 796 1798 lippuS,
824 1733 882 1780 et
908 1723 967 1779 in
998 1723 1153 1780 tenui
1185 1723 1469 1799 farragine
1497 1725 1778 1780 mendax:

281 1801 531 1857 Verterit
557 1802 713 1858 hunc
741 1801 1024 1873 dominuS,
1053 1796 1340 1858 mo‘mento
1368 1801 1610 1858 turbinis
1637 1802 1755 1858 exit

284 1877 516 1937 Marcus
542 1878 745 1936 Dama.
832 1880 1034 1955 Papae!
1086 1878 1287 1936 Marco
1316 1881 1649 1955 spondente,
1680 1898 1910 1936 recusas

282 1955 533 2014 Credere
560 1967 623 2013 tu
650 1958 949 2014 nummos?
992 1956 1193 2014 Marco
1221 1958 1332 2014 sub
1364 1958 1549 2015 ‘udice
1578 1958 1792 2032 palles?

282 2032 516 2092 Marcus
543 2034 686 2092 dixit
709 2053 722 2091 :
765 2035 842 2091 ita
870 2045 971 2093 est.
1054 2037 1326 2111 Assigna,
1354 1979 1575 2108 lVIarce,
1603 2036 1856 2093 tabellas·

284 2111 432 2168 Haec
461 2130 619 2169 mera
641 2113 872 2170 libertas
896 2132 909 2169 ε
955 2114 1063 2171 hoc
1092 2114 1256 2169 nobis
1287 2114 1438 2189 pilea
1465 2116 1698 2171 donant.

283 2194 298 2218 ‘
319 2188 416 2245 An
437 2190 733 2265 quisquam
760 2201 847 2248 est
872 2191 1016 2248 alius
1045 2192 1206 2264 liber,
1235 2192 1346 2248 nisi
1370 2194 1580 2249 ducere
1611 2194 1782 2249 vitam

283 2266 396 2324 Cui
416 2268 572 2339 licet,
602 2277 666 2326 ut
693 2267 912 2325 voluit?
955 2270 1107 2342 licet,
1140 2280 1203 2326 ut
1233 2271 1374 2341 volo,
1399 2272 1584 2327 vivere
1610 2290 1623 2327 ι
1667 2290 1782 2328 non
1812 2269 1919 2326 sim

283 2343 541 2404 Lib'erior
569 2346 745 2403 Bruto
765 2347 805 2402 'l’
851 2345 1134 2405 Mendose
1165 2348 1405 2423 colligis,
1437 2348 1623 2423 inquit

284 2423 515 2479 Stoi'cus
541 2424 656 2494 hic,
687 2442 882 2481 aurem
906 2427 1161 2483 mordaci
1189 2426 1336 2483 lotus
1365 2438 1543 2483 aceto.

283 2498 416 2555 Hoc
443 2501 723 2574 reliquum
755 2503 1007 2577 accipio:
1051 2505 1183 2560 licet
1211 2504 1348 2560 illud
1381 2517 1439 2561 et
1465 2513 1529 2559 ut
1556 2505 1678 2561 volo
1706 2504 1855 2561 tolle.

285 2581 300 2606 ‘
320 2575 594 2633 Vindicta
622 2589 916 2652 postquam
943 2599 1105 2637 meus
1132 2600 1165 2637 a
1192 2594 1429 2656 praetore
1456 2584 1687 2655 recessi,

284 2652 404 2710 Cur
432 2654 570 2709 mihi
597 2673 717 2712 non
744 2656 932 2728 liceat,
954 2659 1122 2732 jussit
1148 2661 1524 2734 quodcunque
1554 2661 1834 2731 voluntaS,

284 2728 562 2815 ξξὸερῐο,
590 2732 638 2788 si
665 2734 802 2810 quid
831 2732 1052 2792 Masuri
1081 2738 1309 2794 rubrica
1330 2739 1585 2794 vetavit‘l’

345 2808 571 2868 'Discel
615 2812 716 2868 sed
744 2812 827 2868 ira
853 2813 1021 2870 cadat
1048 2834 1187 2871 naso
1217 2835 1531 2891 rugosaque
1561 2835 1761 2889 sanna,

286 2885 442 2942 Dum
463 2897 679 2945 veteres
707 2889 860 2947 avias
887 2890 988 2947 tibi
1018 2892 1089 2948 de
1117 2894 1385 2967 pulmone
1414 2895 1636 2951 revello.

286 2962 422 3020 Non
449 2965 702 3040 praetoris
729 2978 849 3024 erat
878 2968 1063 3025 stultis
1091 2970 1225 3026 dare
1253 2971 1449 3027 tenuia
1469 2991 1659 3028 rerum

285 3040 513 3113 Officia,
542 3053 710 3117 atque
734 3062 899 3100 usum
929 3047 1139 3121 rapidae
1166 3049 1490 3123 permittere
1520 3050 1664 3106 vitae.

289 3117 634 3177 Sambucam
663 3119 834 3179 citius
861 3123 1046 3180 caloni
1069 3126 1346 3200 aptaveris
1374 3125 1503 3183 alto.

287 3194 413 3253 Stat
437 3195 638 3255 contra
665 3200 827 3271 ratic,
856 3211 914 3257 et
940 3213 1217 3260 secretam
1249 3204 1452 3278 gannit
1475 3204 1533 3260 in
1563 3223 1782 3275 aurem,

285 3269 381 3328 Ne
408 3272 579 3331 liceat
605 3275 789 3333 facere
812 3278 889 3349 id,
917 3280 1067 3353 quod
1090 3280 1213 3354 quis
1242 3281 1458 3338 vitiabit
1485 3283 1724 3357 agendo.

285 3347 527 3407 Publica
551 3352 644 3409 lex
672 3353 965 3412 hominum
991 3369 1302 3431 naturaque
1332 3360 1589 3417 continet
1617 3361 1728 3417 hoc
1760 3361 1842 3418 fas

285 3421 364 3481 Ut
390 3435 585 3484 teneat
611 3430 812 3487 vetitos
841 3432 1067 3490 inscitia
1094 3435 1298 3491 debilis
1322 3447 1499 3494 actus.

288 3500 477 3558 Diluis
505 3504 872 3580 helleborum,
905 3522 1060 3568 certo
1088 3530 1448 3587 compescere
1478 3526 1693 3589 puncto
2148 3513 2264 3573 100

287 3577 537 3636 Nescius
563 3586 840 3639 examen?
882 3599 1032 3644 vetat
1060 3590 1169 3646 hoc
1197 3602 1400 3648 natura
1427 3593 1715 3649 medendi.

287 3653 510 3712 Navem
537 3657 587 3713 si
611 3670 810 3740 poscat
835 3661 942 3718 sibi
969 3679 1277 3738 peronatus
1304 3680 1489 3726 arator

2172 785 2252 841 65

2175 1565 2254 1622 75
