2613 4161
367 263 449 319 84
1003 265 1069 312 D.
1101 263 1133 312 J
1137 261 1298 313 UNII
1331 262 1728 312 JUVENALIS

367 399 527 459 Hinc
549 401 809 477 jejunum
835 402 1050 461 odium.
1133 404 1249 461 Sed
1275 402 1462 479 jurgia
1486 403 1670 478 prima
1694 420 1899 461 sonare

368 478 664 556 Incipiunt
689 482 896 538 animis
924 483 1286 539 ardentibus:
1331 483 1456 537 haec
1482 482 1620 537 tuba
1647 482 1801 538 rixae.

367 555 521 614 Dein
549 558 797 616 clamore
823 560 945 634 pari
975 561 1350 629 concurritur,
1373 570 1432 615 et
1458 559 1582 615 vice
1610 559 1711 616 teli

367 634 544 692 Saevit
570 637 728 694 nuda
752 655 988 694 manus:
1028 655 1228 712 pauoae
1259 638 1384 693 sine
1410 637 1642 693 vulnere
1669 636 1866 693 malae:

367 713 485 769 Vix
511 715 776 789 cuiquam
806 726 904 772 aut
931 715 1072 772 nulli
1100 725 1218 771 toto
1245 715 1558 770 certamine
1586 732 1760 770 nasus

369 788 621 865 Integer.
705 792 1052 867 Adspiceres
1074 793 1191 866 jam
1220 803 1435 848 cuncta
1459 810 1561 866 per
1588 792 1819 866 agmina
1844 791 2032 849 vultus

369 868 676 939 Dimidios,
706 869 844 925 alias
873 870 1067 940 facieS,
1095 882 1152 925 et
1180 869 1397 925 hiantia
1423 869 1601 943 ruptis
2022 870 2029 873 ’

368 944 520 1002 Ossa
548 947 732 1021 geniS,
759 947 957 1021 plenos
984 948 1280 1003 oculorum
1309 946 1595 1021 sanguine
1616 964 1855 1022 pugnoS.

371 1021 597 1080 Ludere
626 1043 687 1080 se
715 1026 958 1081 credunt
987 1025 1093 1098 ipsi
1122 1036 1336 1094 tamen,
1365 1035 1421 1079 et
1449 1024 1695 1098 pueriles

371 1099 655 1157 Exercere
684 1102 856 1171 acieS,
885 1099 1037 1176 quod
1068 1103 1227 1158 nulla
1254 1102 1532 1157 cadavera
1558 1101 1804 1159 calcent.

371 1177 446 1233 Et
474 1177 612 1234 sanc
643 1177 755 1253 quo
783 1190 865 1235 tot
891 1180 1126 1235 rixantis
1154 1179 1332 1235 millia
1361 1179 1562 1249 turbae,

374 1254 437 1309 Si
463 1256 659 1311 vivunt
683 1259 922 1313 omnes?
989 1255 1144 1331 Ergo
1174 1258 1359 1315 acrior
1388 1258 1652 1330 impetus,
1680 1267 1740 1313 et
1761 1255 1880 1332 jam

373 1333 526 1387 Saxa
552 1333 839 1389 inclinatis
865 1353 963 1409 per
993 1335 1230 1390 humum
1258 1335 1493 1408 quaesita
1520 1333 1748 1391 lacertis

371 1407 669 1484 Incipiunt
695 1422 972 1484 torquere,
1002 1412 1315 1469 domestica
1341 1411 1604 1468 seditioni

372 1484 546 1554 Tela3
589 1506 699 1543 nec
727 1489 881 1544 hunc
908 1489 1173 1563 lapidem,
1193 1490 1389 1563 quales
1415 1499 1474 1546 et
1500 1488 1756 1561 Turnus,
1783 1498 1843 1546 et
1868 1487 2040 1565 AJax,

372 1562 481 1619 Vel
510 1582 623 1638 quo
651 1564 910 1640 Tydides
936 1568 1218 1641 percussit
1241 1567 1495 1640 pondere
1522 1585 1722 1623 coxam

374 1640 610 1710 AEneae;
653 1643 754 1699 sed
779 1661 950 1717 quem
972 1643 1199 1701 valeant
1224 1645 1485 1701 emittere
1515 1645 1747 1716 dextrae,

372 1715 494 1774 Illis
521 1719 823 1785 dissimiles
849 1731 908 1776 et
934 1732 1126 1777 nostro
1152 1733 1405 1796 tempore
1433 1732 1596 1778 natae.

371 1794 526 1853 Nam
552 1815 735 1871 genus
761 1798 870 1854 hoc
898 1798 1020 1855 vivo
1041 1798 1159 1872 jam
1186 1800 1556 1856 decrescebat
1583 1798 1854 1856 Homero.

370 1871 557 1931 Terra
584 1875 761 1932 malos
788 1875 1046 1933 homines
1073 1895 1229 1933 nunc
1256 1878 1465 1934 educat
1490 1887 1657 1951 atque
1683 1876 1933 1953 pusillos.

371 1947 527 2025 Ergo
557 1952 714 2021 dene,
743 1954 1069 2027 quicunque
1097 1955 1374 2030 adspexit,
1403 1955 1569 2026 ridet,
1597 1966 1657 2013 et
1682 1954 1818 2011 odit.

452 2027 864 2087 Adeverticulo
890 2042 1173 2106 repetatur
1204 2033 1413 2090 fabula.
1496 2033 1802 2108 Postquam

373 2105 655 2163 Subsidiis
681 2108 855 2177 aucti,
883 2128 1011 2182 pars
1039 2110 1215 2169 altera
1241 2130 1501 2184 promere
1531 2112 1741 2168 ferrum

372 2183 586 2255 Audet,
616 2196 674 2242 et
704 2185 920 2242 infestis
946 2205 1199 2262 pugnam
1227 2189 1544 2245 instaurare
1572 2189 1823 2264 sagittis3

372 2260 568 2337 Terga
596 2263 742 2338 fugae
770 2264 946 2321 celeri
972 2266 1371 2340 praestantibus
1400 2267 1668 2323 omnibus
1695 2266 1924 2337 instant,
1963 2320 1967 2324 .

368 2336 494 2398 Qui
524 2340 712 2397 vicina
731 2341 930 2400 colunt
960 2344 1235 2401 umbrosae
1263 2343 1521 2417 Tentyra
1548 2344 1769 2419 palmae.

372 2414 607 2473 Labitur
638 2418 771 2474 hinc
798 2420 1047 2492 quidam,
1077 2420 1256 2478 nimia
1284 2419 1586 2478 formidine
1616 2437 1849 2477 cursum

370 2491 758 2568 PraecipitanS,
786 2498 1117 2571 capiturque
1142 2517 1155 2554 :
1197 2509 1284 2555 ast
1310 2498 1469 2554 illum
1497 2498 1558 2555 in
1584 2498 1829 2574 plurima
1854 2507 2077 2556 sectum

370 2566 578 2627 Frusta
596 2583 653 2627 et
679 2572 1001 2647 particulas,
1031 2585 1096 2631 ut
1120 2576 1315 2633 multis
1341 2587 1597 2633 mortuus
1627 2593 1778 2632 unus

370 2646 691 2719 Sufficeret,
718 2659 901 2707 totum
929 2653 1170 2709 corrosis
1197 2653 1419 2710 ossibus
1446 2654 1565 2709 edit

369 2721 592 2781 Victrix
618 2728 816 2784 turba:
857 2747 970 2785 nec
998 2730 1224 2787 ardenti
1257 2732 1485 2788 decoxit
1507 2735 1677 2801 aeno,
1792 2781 1795 2782 ν

368 2800 490 2858 Aut
517 2805 791 2873 verubus3
834 2805 1066 2882 longum
1095 2826 1273 2883 usque
1302 2806 1447 2867 adeo
1475 2809 1809 2882 tardumque
1834 2808 2053 2883 putavit

368 2876 714 2954 Exspectare
744 2883 915 2955 locoS,
944 2895 1212 2942 contenta
1240 2887 1515 2942 cadavere
1542 2886 1738 2942 crudo.
1779 2892 1784 2897 '

368 2954 507 3028 Hic,
535 2960 786 3033 gaudere
814 2960 970 3030 libet,
998 2959 1151 3036 quod
1180 2982 1296 3020 non
1324 2963 1616 3020 violaverit
1642 2963 1854 3038 ignem,

366 3031 562 3092 Quem
589 3039 814 3095 summa
840 3039 970 3094 coeli
1001 3052 1221 3115 raptum
1249 3041 1322 3097 de
1348 3052 1506 3116 parte
1535 3041 1907 3097 Prometheus

369 3110 616 3170 Donavit
642 3116 820 3172 terriS.
905 3115 1206 3174 Elemento
1232 3119 1503 3192 gratulor,
1535 3128 1594 3174 et
1620 3129 1676 3174 te

368 3184 670 3248 Exsultare
699 3212 839 3250 reor.
924 3195 1041 3250 Sed
1066 3197 1164 3268 qui
1192 3195 1451 3252 mordere
1479 3196 1720 3251 cadaver

369 3267 674 3338 Sustinuit,
701 3270 781 3327 nil
811 3289 1061 3343 unquam
1093 3273 1204 3328 hac
1230 3290 1404 3328 carne
1432 3270 1706 3329 libentius
1735 3272 1872 3328 edit.

369 3344 523 3401 Nam
552 3347 766 3404 scelere
794 3350 854 3405 in
884 3360 1041 3405 tanto
1069 3366 1144 3404 ne
1171 3367 1410 3421 quaeraS,
1439 3361 1497 3406 et
1523 3351 1770 3419 dubiteS,
1798 3368 1873 3406 an

369 3421 564 3477 Prima
589 3422 931 3500 voluptatem
960 3426 1094 3499 gula
1123 3428 1379 3482 senserit.
1461 3426 1712 3484 Ultimus
1740 3437 1951 3497 autem,

367 3498 492 3557 Qui
519 3499 673 3555 stetit
699 3502 997 3575 absumpto
1018 3505 1135 3577 jam
1164 3515 1282 3559 toto
1310 3522 1565 3578 corpore,
1594 3505 1784 3560 ductis

368 3573 480 3630 Per
507 3583 713 3633 terram
741 3577 952 3651 digitis»,
982 3580 1190 3654 aliquid
1220 3581 1292 3637 de
1322 3581 1601 3655 sanguine
1628 3591 1835 3657 gustat.

368 3650 682 3720 Vascones,
710 3653 835 3707 haec
864 3654 1013 3711 fama
1033 3669 1139 3725 est,
1167 3658 1452 3714 alimentis
1478 3659 1686 3715 talibus
1710 3659 1849 3715 olim

369 3723 696 3782 produxere
718 3728 936 3783 animas
959 3747 972 3783 τ
1014 3732 1117 3788 sed
1143 3751 1234 3788 res
1260 3734 1502 3805 diversa,
1532 3736 1635 3792 sed
1660 3733 1782 3792 illic

2174 1877 2361 1934 *7⁰

2274 2267 2356 2323 ⁷5
