2613 4161
1095 196 1347 273 sA‘mRA
1383 216 1503 275 xv,
1562 211 1567 215 “

298 357 428 418 Illic
453 359 749 431 caeruleos,
778 357 877 417 hie
901 359 1120 435 piscem
1148 358 1418 429 fluminis,
1446 359 1566 423 illic

296 437 528 513 Oppida
552 447 670 494 tota
694 456 900 494 canem
927 450 1287 507 venerantur,
1319 457 1490 494 nemo
1518 438 1785 497 Dianam.

298 516 538 573 Porrum
565 527 624 572 et
652 534 807 590 caepe
836 516 995 573 nefas
1022 516 1250 586 violare,
1279 528 1338 572 et
1367 516 1627 590 frangere
1656 535 1864 573 morsu.

299 594 355 651 Ο
384 605 612 650 sanctas
639 604 858 668 gentem,
887 592 1091 666 quibus
1121 593 1246 649 haec
1273 605 1587 655 nascuntur
1617 594 1676 649 in
1701 595 1877 660 hortis

303 671 595 727 Numina!
680 671 915 733 Lanatis
943 671 1282 728 animalibus
1310 672 1555 728 abstinet
1581 673 1768 733 omnis

303 747 521 805 Mensa.
603 747 787 805 Nefas
814 747 933 805 illic
961 748 1161 807 foetum
1182 749 1444 823 jugulare
1472 749 1742 824 capellae:

304 826 586 882 Carnibus
614 826 879 881 humanis
906 826 1059 882 vesci
1087 825 1239 882 licet.
1324 826 1585 883 Attonito
1614 845 1794 900 quum

302 903 446 960 Tale
475 922 645 978 super
672 922 898 959 coenam
927 902 1149 959 facinus
1177 915 1431 959 narraret
1460 904 1655 959 Ulixes

298 982 565 1052 Alcinoo,
595 980 764 1037 bilem
795 991 893 1037 aut
920 979 1095 1036 risum
1125 980 1360 1037 fortasse
1381 982 1720 1053 quibusdam

298 1057 577 1129 Moverat,
607 1067 670 1114 ut
696 1059 946 1114 mendax
972 1058 1308 1132 aretaloguS.
1395 1059 1465 1114 In
1497 1078 1653 1115 mare
1679 1077 1852 1116 nemo

298 1136 476 1192 Hunc
504 1136 696 1206 abicit,
725 1136 876 1191 saeva
905 1136 1145 1210 dignum
1173 1137 1418 1209 veraque
1446 1137 1757 1210 Charybdi,

297 1214 646 1290 Fingentem
674 1214 954 1270 immanes
981 1213 1381 1288 Laestrygonas
1410 1225 1579 1287 atque
1610 1213 1939 1289 Cyclopas?

297 1291 451 1348 Nam
479 1289 650 1349 citius
678 1292 945 1365 Scyllam,
974 1290 1059 1348 vel
1087 1293 1490 1349 concurrentia
1517 1311 1654 1348 saxa

297 1369 580 1444 CyaneaS,
606 1368 808 1444 plenos
836 1379 894 1425 et
922 1368 1349 1443 tempestatibus
1377 1380 1533 1426 utres

295 1447 675 1517 Crediderim,
704 1456 802 1502 aut
825 1446 983 1504 tenui
1008 1465 1341 1521 percussum
1369 1446 1601 1503 verbere
1630 1445 1851 1517 Circes,

296 1524 373 1581 Et
398 1543 532 1581 cum
559 1524 867 1598 remigibus
892 1523 1194 1598 grunnisse
1221 1523 1508 1598 Elpenora
1527 1524 1729 1598 porcia

298 1601 452 1659 Tam
480 1600 647 1658 vacui
674 1601 876 1676 capitis
902 1601 1173 1676 populum
1200 1601 1446 1661 Phaeaca
1473 1601 1729 1676 putavit?

296 1679 398 1736 Sic
425 1680 625 1754 aliquis
652 1677 853 1738 merito
882 1680 1138 1737 nondum
1165 1678 1377 1748 ebriuS,
1406 1689 1465 1737 et
1491 1679 1791 1735 minimum
1815 1678 1912 1753 qui

295 1757 387 1814 De
415 1756 719 1831 Corcyraea
746 1766 1022 1814 temetum
1050 1756 1286 1813 duxerat
1314 1756 1493 1813 urna:

297 1834 467 1892 Solus
495 1836 652 1892 enirn
681 1835 792 1890 hoc
820 1832 1055 1892 Ithacus
1082 1832 1238 1891 nullo
1265 1833 1374 1891 sub
1395 1842 1540 1895 teste
1567 1831 1827 1888 canebam·

296 1910 421 1969 Nos
446 1913 706 1970 miranda
731 1910 983 1985 quidem,
1012 1911 1113 1969 sed
1135 1928 1318 1984 nuper
1347 1908 1600 1967 Consule
1629 1908 1665 1964 J
1670 1909 1809 1968 unio

295 1991 473 2047 Gesta
499 2008 667 2064 super
696 1988 898 2045 calidae
931 1988 1240 2044 referemus
1266 1987 1481 2044 moenia
1508 1987 1709 2063 Copti·
1695 2029 1709 2055 ,

296 2066 421 2125 Nos
448 2067 603 2143 vulgi
631 2067 862 2137 scelus,
869 2077 927 2126 et
954 2065 1182 2128 cunctis
1209 2065 1467 2141 graviora
1494 2065 1804 2124 cothurnis.

295 2145 449 2203 Nam
478 2146 667 2203 scelus
694 2165 729 2202 a
754 2144 992 2219 Pyrrha,
1021 2163 1346 2218 quanquam
1374 2145 1569 2208 omnia
1596 2153 1843 2218 syrmata
1868 2142 2081 2214 volvaS,

295 2223 508 2281 Nullus
537 2224 687 2299 apud
715 2224 958 2296 tragicos
984 2223 1227 2297 populus
1258 2222 1408 2279 facit.
1492 2222 1738 2296 Accipe,
1767 2231 1962 2282 nostro

294 2301 437 2359 Dira
463 2302 613 2376 quod
640 2301 962 2375 exemplum
991 2299 1181 2357 feritas
1206 2299 1536 2374 produxerit
1563 2317 1698 2356 aevo.

373 2378 533 2436 Inter
561 2377 830 2435 finitimos
856 2388 1018 2434 vetus
1044 2389 1211 2451 atque
1239 2376 1472 2449 antiqua
1500 2377 1777 2448 simultaS,

299 2455 624 2513 [inmortale
650 2456 866 2526 odium,
894 2466 952 2514 et
978 2473 1271 2528 nunquam
1301 2454 1554 2515 sanabile
1577 2454 1781 2518 vulnus

293 2535 482 2591 Ardet
509 2534 698 2589 adhuc
726 2533 937 2607 Coptos
965 2542 1022 2588 et
1049 2531 1323 2606 Tentyra.
1409 2533 1682 2596 Summus
1711 2531 1975 2605 utrinque

289 2609 441 2668 Inde
473 2610 625 2667 furor
651 2610 838 2685 vulgo,
866 2607 1021 2684 quod
1050 2610 1288 2667 numina
1314 2610 1628 2668 vicinorum

290 2689 435 2745 Odit
461 2698 696 2762 uterque
724 2688 901 2757 locuS,
929 2705 1103 2760 quum
1131 2687 1279 2748 solos
1306 2687 1502 2744 credat
1528 2665 1819 2750 habendos

288 2764 437 2824 Esse
467 2766 623 2835 deos,
651 2782 792 2838 quos
818 2765 939 2839 ipse
968 2765 1119 2821 colit.
1205 2765 1322 2824 Sed
1351 2777 1604 2852 tempore
1633 2764 1776 2821 festo

289 2843 549 2899 Alterius
573 2842 766 2917 populi
792 2842 1064 2916 rapienda
1090 2842 1317 2899 occasio
1344 2841 1568 2904 cunctis

290 2920 435 2977 Visa
460 2920 826 2977 inimicorum
853 2920 1194 2994 prirnoribus
1220 2938 1290 2976 ac
1318 2920 1582 2989 ducibuS,
1610 2938 1685 2983 ne

288 2997 518 3054 Laetum
545 2997 891 3085 hilaremque
920 2996 1093 3067 diem,
1122 3016 1198 3053 ne
1226 3015 1448 3071 magnae
1475 2996 1687 3072 gaudia
1712 3012 1896 3056 coenae

291 3074 607 3145 Sentirent,
633 3073 831 3149 positis
860 3073 931 3128 ad
959 3074 1169 3148 templa
1194 3084 1254 3131 et
1278 3075 1526 3148 compita
1552 3074 1784 3146 mensis,

290 3119 669 3227 Pervigiliqhe
697 3162 840 3221 toro,
868 3167 1038 3224 quem
1066 3161 1235 3208 nocte
1264 3170 1333 3210 ac
1360 3151 1489 3210 luce
1511 3151 1802 3246 jacentem

289 3230 588 3304 Septimus
615 3229 903 3285 interdum
931 3229 1012 3285 sol
1036 3228 1270 3286 invenit.
1344 3228 1606 3317 Horrida
1633 3226 1773 3290 sant}

288 3307 611 3382 AEgyptus:
654 3307 755 3363 sed
783 3306 1026 3377 luxuria,
1055 3304 1332 3380 quantum
1363 3306 1483 3382 ipse
1511 3306 1721 3377 notavi,

284 3384 543 3442 Barbara
570 3384 783 3441 famoso
810 3403 925 3440 non
954 3385 1109 3442 cedit
1133 3384 1300 3440 turba
1328 3384 1583 3458 Canopo.

287 3463 483 3532 Adde,
512 3458 665 3535 quod
692 3472 750 3517 et
778 3461 957 3518 facilis
984 3462 1219 3519 victoria
1246 3461 1318 3517 de
1347 3461 1609 3529 madidis,
1639 3470 1698 3516 et

282 3539 511 3609 Blaesis,
540 3549 707 3627 atque
734 3557 891 3595 mero
918 3538 1312 3595 titubantibus,
1394 3534 1544 3593 Inde
1575 3537 1820 3593 virorum

281 3616 543 3674 Saltatus
570 3616 735 3691 nigro
761 3616 1019 3686 tibicine,
1046 3616 1466 3702 qualiacunque

279 3693 619 3771 Unguenta,
646 3703 706 3751 et
731 3691 917 3764 flores,
949 3691 1294 3766 multaeque
1279 3710 1341 3749 m
1370 3692 1551 3749 fronte
1578 3708 1839 3750 coronm·
1827 3734 1840 3747 .

2216 594 2289 653 10

2221 982 2289 1039 15

2197 2918 2278 2978 40

2196 3305 2278 3363 45
