<?xml version="1.0" encoding="UTF-8"?>
<!DOCTYPE html PUBLIC "-//W3C//DTD XHTML 1.0 Transitional//EN"
    "http://www.w3.org/TR/xhtml1/DTD/xhtml1-transitional.dtd">
<html xmlns="http://www.w3.org/1999/xhtml" xml:lang="en" lang="en">
 <head>
  <title>
</title>
<meta http-equiv="Content-Type" content="text/html;charset=utf-8" />
  <meta name='ocr-system' content='tesseract 3.04.00' />
  <meta name='ocr-capabilities' content='ocr_page ocr_carea ocr_par ocr_line ocrx_word'/>
</head>
<body>
  <div class='ocr_page' id='page_1' title='image "./decimijuniijuve03persgoog_0114.png"; bbox 0 0 2613 4161; ppageno 0'>
   <div class='ocr_carea' id='block_1_1' title="bbox 330 253 1619 313">
    <p class='ocr_par' dir='ltr' id='par_1_1' title="bbox 330 253 1619 313">
     <span class='ocr_line' id='line_1_1' title="bbox 330 253 1619 313; baseline 0.009 -19"><span class='ocrx_word' id='word_1_1' title='bbox 330 253 412 313; x_wconf 79' lang='grc'><strong>96</strong></span> <span class='ocrx_word' id='word_1_2' title='bbox 1016 255 1070 301; x_wconf 83' lang='grc' dir='ltr'><strong>Α.</strong></span> <span class='ocrx_word' id='word_1_3' title='bbox 1112 254 1338 302; x_wconf 81' lang='lat' dir='ltr'><strong>PERSII</strong></span> <span class='ocrx_word' id='word_1_4' title='bbox 1373 255 1619 305; x_wconf 78' lang='lat' dir='ltr'>FLACCI</span> 
     </span>
    </p>
   </div>
   <div class='ocr_carea' id='block_1_2' title="bbox 321 390 1956 2501">
    <p class='ocr_par' dir='ltr' id='par_1_2' title="bbox 329 390 1942 625">
     <span class='ocr_line' id='line_1_2' title="bbox 330 390 1756 470; baseline 0.004 -20"><span class='ocrx_word' id='word_1_5' title='bbox 330 390 620 452; x_wconf 85' lang='lat' dir='ltr'><strong>Intendit:</strong></span> <span class='ocrx_word' id='word_1_6' title='bbox 655 393 775 470; x_wconf 86' lang='lat' dir='ltr'><strong>jam</strong></span> <span class='ocrx_word' id='word_1_7' title='bbox 802 392 1010 453; x_wconf 90' lang='lat' dir='ltr'><strong>crescit</strong></span> <span class='ocrx_word' id='word_1_8' title='bbox 1036 412 1191 470; x_wconf 86' lang='lat' dir='ltr'><strong>ager,</strong></span> <span class='ocrx_word' id='word_1_9' title='bbox 1213 394 1333 470; x_wconf 85' lang='lat' dir='ltr'><strong>jam</strong></span> <span class='ocrx_word' id='word_1_10' title='bbox 1355 396 1565 454; x_wconf 86' lang='lat' dir='ltr'><strong>crescit</strong></span> <span class='ocrx_word' id='word_1_11' title='bbox 1588 395 1756 464; x_wconf 83' lang='lat' dir='ltr'><strong>ovile.</strong></span> 
     </span>
     <span class='ocr_line' id='line_1_3' title="bbox 329 470 1942 552; baseline 0.004 -25"><span class='ocrx_word' id='word_1_12' title='bbox 329 470 461 528; x_wconf 87' lang='lat' dir='ltr'><strong>Jam</strong></span> <span class='ocrx_word' id='word_1_13' title='bbox 490 472 734 544; x_wconf 90' lang='lat' dir='ltr'><strong>dabitur,</strong></span> <span class='ocrx_word' id='word_1_14' title='bbox 756 473 874 548; x_wconf 89' lang='lat' dir='ltr'><strong>jam</strong></span> <span class='ocrx_word' id='word_1_15' title='bbox 897 473 1051 546; x_wconf 87' lang='lat' dir='ltr'><strong>jam:</strong></span> <span class='ocrx_word' id='word_1_16' title='bbox 1095 474 1282 530; x_wconf 91' lang='lat' dir='ltr'><strong>donec</strong></span> <span class='ocrx_word' id='word_1_17' title='bbox 1311 474 1583 549; x_wconf 84' lang='lat' dir='ltr'><strong>deceptus</strong></span> <span class='ocrx_word' id='word_1_18' title='bbox 1611 487 1670 532; x_wconf 91' lang='lat' dir='ltr'><strong>et</strong></span> <span class='ocrx_word' id='word_1_19' title='bbox 1696 495 1901 552; x_wconf 78' lang='lat' dir='ltr'>exspes</span> <span class='ocrx_word' id='word_1_20' title='bbox 1932 470 1942 478; x_wconf 55' lang='lat'><strong><em>⁴</em></strong></span> 
     </span>
     <span class='ocr_line' id='line_1_4' title="bbox 330 549 1750 625; baseline 0.004 -19"><span class='ocrx_word' id='word_1_21' title='bbox 330 549 732 625; x_wconf 84' lang='lat' dir='ltr'><strong>Nequidquam</strong></span> <span class='ocrx_word' id='word_1_22' title='bbox 761 551 938 608; x_wconf 86' lang='lat' dir='ltr'><strong>fundo</strong></span> <span class='ocrx_word' id='word_1_23' title='bbox 965 552 1208 625; x_wconf 85' lang='lat' dir='ltr'><strong>suspirat</strong></span> <span class='ocrx_word' id='word_1_24' title='bbox 1234 570 1503 609; x_wconf 86' lang='lat' dir='ltr'>nummus</span> <span class='ocrx_word' id='word_1_25' title='bbox 1531 553 1591 610; x_wconf 90' lang='lat' dir='ltr'><strong>in</strong></span> <span class='ocrx_word' id='word_1_26' title='bbox 1620 554 1750 613; x_wconf 90' lang='lat' dir='ltr'><strong>imo.</strong></span> 
     </span>
    </p>

    <p class='ocr_par' dir='ltr' id='par_1_3' title="bbox 327 628 1698 1172">
     <span class='ocr_line' id='line_1_5' title="bbox 411 628 1698 707; baseline 0.003 -23"><span class='ocrx_word' id='word_1_27' title='bbox 411 628 474 684; x_wconf 85' lang='lat' dir='ltr'><strong>Si</strong></span> <span class='ocrx_word' id='word_1_28' title='bbox 502 628 601 686; x_wconf 89' lang='lat' dir='ltr'><strong>tibi</strong></span> <span class='ocrx_word' id='word_1_29' title='bbox 630 642 877 686; x_wconf 81' lang='lat' dir='ltr'><strong>crateras</strong></span> <span class='ocrx_word' id='word_1_30' title='bbox 905 630 1124 703; x_wconf 83' lang='lat' dir='ltr'><strong>argenti</strong></span> <span class='ocrx_word' id='word_1_31' title='bbox 1154 629 1468 703; x_wconf 83' lang='lat' dir='ltr'><strong>incusaque</strong></span> <span class='ocrx_word' id='word_1_32' title='bbox 1495 631 1698 707; x_wconf 86' lang='lat' dir='ltr'><strong>pingui</strong></span> 
     </span>
     <span class='ocr_line' id='line_1_6' title="bbox 330 706 1622 781; baseline 0.002 -19"><span class='ocrx_word' id='word_1_33' title='bbox 330 706 494 763; x_wconf 88' lang='lat' dir='ltr'><strong>Auro</strong></span> <span class='ocrx_word' id='word_1_34' title='bbox 521 708 670 775; x_wconf 81' lang='lat' dir='ltr'><strong>dona</strong></span> <span class='ocrx_word' id='word_1_35' title='bbox 699 707 894 777; x_wconf 87' lang='lat' dir='ltr'><strong>feram,</strong></span> <span class='ocrx_word' id='word_1_36' title='bbox 923 708 1113 775; x_wconf 79' lang='lat' dir='ltr'><strong>sudeS‚</strong></span> <span class='ocrx_word' id='word_1_37' title='bbox 1144 719 1203 764; x_wconf 89' lang='lat' dir='ltr'><strong>et</strong></span> <span class='ocrx_word' id='word_1_38' title='bbox 1222 718 1451 781; x_wconf 83' lang='lat' dir='ltr'><strong>pectore</strong></span> <span class='ocrx_word' id='word_1_39' title='bbox 1478 708 1622 767; x_wconf 80' lang='lat' dir='ltr'><strong>laevo</strong></span> 
     </span>
     <span class='ocr_line' id='line_1_7' title="bbox 330 782 1593 860; baseline 0.004 -21"><span class='ocrx_word' id='word_1_40' title='bbox 330 782 601 841; x_wconf 89' lang='lat' dir='ltr'><strong>Excutiat</strong></span> <span class='ocrx_word' id='word_1_41' title='bbox 627 796 814 860; x_wconf 85' lang='lat' dir='ltr'><strong>guttas</strong></span> <span class='ocrx_word' id='word_1_42' title='bbox 842 785 1018 841; x_wconf 83' lang='lat' dir='ltr'><strong>laetari</strong></span> <span class='ocrx_word' id='word_1_43' title='bbox 1046 785 1447 859; x_wconf 87' lang='lat' dir='ltr'><strong>praetrepidum</strong></span> <span class='ocrx_word' id='word_1_44' title='bbox 1477 805 1593 844; x_wconf 85' lang='lat' dir='ltr'><strong>cor.</strong></span> 
     </span>
     <span class='ocr_line' id='line_1_8' title="bbox 331 861 1629 937; baseline 0.004 -20"><span class='ocrx_word' id='word_1_45' title='bbox 331 861 489 918; x_wconf 90' lang='lat' dir='ltr'><strong>Hinc</strong></span> <span class='ocrx_word' id='word_1_46' title='bbox 517 863 655 919; x_wconf 89' lang='lat' dir='ltr'><strong>illud</strong></span> <span class='ocrx_word' id='word_1_47' title='bbox 685 863 874 933; x_wconf 88' lang='lat' dir='ltr'><strong>subiit,</strong></span> <span class='ocrx_word' id='word_1_48' title='bbox 903 882 1041 919; x_wconf 88' lang='lat' dir='ltr'><strong>auro</strong></span> <span class='ocrx_word' id='word_1_49' title='bbox 1068 881 1258 930; x_wconf 83' lang='lat' dir='ltr'><strong>sacras</strong></span> <span class='ocrx_word' id='word_1_50' title='bbox 1285 864 1433 937; x_wconf 91' lang='lat' dir='ltr'><strong>quod</strong></span> <span class='ocrx_word' id='word_1_51' title='bbox 1462 876 1629 922; x_wconf 88' lang='lat' dir='ltr'><strong>ovato</strong></span> 
     </span>
     <span class='ocr_line' id='line_1_9' title="bbox 328 938 1672 1014; baseline 0.002 -18"><span class='ocrx_word' id='word_1_52' title='bbox 328 938 604 996; x_wconf 91' lang='lat' dir='ltr'><strong>Perducis</strong></span> <span class='ocrx_word' id='word_1_53' title='bbox 635 941 839 997; x_wconf 83' lang='lat' dir='ltr'><strong>facies:</strong></span> <span class='ocrx_word' id='word_1_54' title='bbox 885 959 1038 1012; x_wconf 89' lang='lat' dir='ltr'><strong>nam,</strong></span> <span class='ocrx_word' id='word_1_55' title='bbox 1069 940 1268 997; x_wconf 87' lang='lat' dir='ltr'><strong>fratres</strong></span> <span class='ocrx_word' id='word_1_56' title='bbox 1296 941 1444 997; x_wconf 88' lang='lat' dir='ltr'><strong>inter</strong></span> <span class='ocrx_word' id='word_1_57' title='bbox 1473 946 1672 1014; x_wconf 71' lang='lat' dir='ltr'><strong>aenOS,</strong></span> 
     </span>
     <span class='ocr_line' id='line_1_10' title="bbox 330 1017 1628 1094; baseline 0.004 -22"><span class='ocrx_word' id='word_1_58' title='bbox 330 1017 570 1076; x_wconf 89' lang='lat' dir='ltr'><strong>Somnia</strong></span> <span class='ocrx_word' id='word_1_59' title='bbox 597 1019 798 1094; x_wconf 71' lang='lat' dir='ltr'><strong>pituita</strong></span> <span class='ocrx_word' id='word_1_60' title='bbox 825 1019 921 1093; x_wconf 91' lang='lat' dir='ltr'><strong>qui</strong></span> <span class='ocrx_word' id='word_1_61' title='bbox 949 1018 1348 1093; x_wconf 86' lang='lat' dir='ltr'><strong>purgatissima</strong></span> <span class='ocrx_word' id='word_1_62' title='bbox 1375 1020 1628 1091; x_wconf 90' lang='lat' dir='ltr'><strong>mittunt,</strong></span> 
     </span>
     <span class='ocr_line' id='line_1_11' title="bbox 327 1095 1603 1172; baseline 0.001 -19"><span class='ocrx_word' id='word_1_63' title='bbox 327 1095 606 1172; x_wconf 84' lang='lat' dir='ltr'><strong>Praecipui</strong></span> <span class='ocrx_word' id='word_1_64' title='bbox 636 1108 823 1168; x_wconf 87' lang='lat' dir='ltr'><strong>sunto,</strong></span> <span class='ocrx_word' id='word_1_65' title='bbox 865 1098 1046 1170; x_wconf 86' lang='lat' dir='ltr'><strong>sitque</strong></span> <span class='ocrx_word' id='word_1_66' title='bbox 1074 1097 1186 1152; x_wconf 88' lang='lat' dir='ltr'><strong>illis</strong></span> <span class='ocrx_word' id='word_1_67' title='bbox 1214 1116 1384 1152; x_wconf 90' lang='lat' dir='ltr'><strong>aurea</strong></span> <span class='ocrx_word' id='word_1_68' title='bbox 1414 1098 1603 1154; x_wconf 89' lang='lat' dir='ltr'><strong>barba.</strong></span> 
     </span>
    </p>

    <p class='ocr_par' dir='ltr' id='par_1_4' title="bbox 321 1174 1956 2501">
     <span class='ocr_line' id='line_1_12' title="bbox 409 1174 1852 1251; baseline 0.003 -21"><span class='ocrx_word' id='word_1_69' title='bbox 409 1174 632 1231; x_wconf 88' lang='lat' dir='ltr'><strong>Aurum</strong></span> <span class='ocrx_word' id='word_1_70' title='bbox 661 1194 793 1232; x_wconf 88' lang='lat' dir='ltr'><strong>vasa</strong></span> <span class='ocrx_word' id='word_1_71' title='bbox 820 1175 1029 1231; x_wconf 81' lang='lat' dir='ltr'><strong>Numae</strong></span> <span class='ocrx_word' id='word_1_72' title='bbox 1061 1176 1440 1248; x_wconf 83' lang='lat' dir='ltr'><strong>Saturniaque</strong></span> <span class='ocrx_word' id='word_1_73' title='bbox 1470 1176 1693 1251; x_wconf 85' lang='lat' dir='ltr'><strong>impulit</strong></span> <span class='ocrx_word' id='word_1_74' title='bbox 1721 1195 1852 1249; x_wconf 82' lang='lat' dir='ltr'><strong>aera,</strong></span> 
     </span>
     <span class='ocr_line' id='line_1_13' title="bbox 326 1250 1692 1327; baseline 0.001 -18"><span class='ocrx_word' id='word_1_75' title='bbox 326 1252 698 1327; x_wconf 83' lang='lat' dir='ltr'><strong>Vestalesque</strong></span> <span class='ocrx_word' id='word_1_76' title='bbox 723 1272 893 1309; x_wconf 90' lang='lat' dir='ltr'><strong>urnas</strong></span> <span class='ocrx_word' id='word_1_77' title='bbox 919 1264 977 1309; x_wconf 90' lang='lat' dir='ltr'><strong>et</strong></span> <span class='ocrx_word' id='word_1_78' title='bbox 1003 1250 1265 1308; x_wconf 84' lang='lat' dir='ltr'><strong>Tuscum</strong></span> <span class='ocrx_word' id='word_1_79' title='bbox 1295 1253 1469 1309; x_wconf 87' lang='lat' dir='ltr'><strong>fictile</strong></span> <span class='ocrx_word' id='word_1_80' title='bbox 1496 1265 1692 1311; x_wconf 90' lang='lat' dir='ltr'><strong>mutat.</strong></span> 
     </span>
     <span class='ocr_line' id='line_1_14' title="bbox 326 1329 1851 1400; baseline 0.002 -14"><span class='ocrx_word' id='word_1_81' title='bbox 326 1329 384 1385; x_wconf 90' lang='lat' dir='ltr'>O</span> <span class='ocrx_word' id='word_1_82' title='bbox 412 1349 600 1387; x_wconf 81' lang='lat' dir='ltr'><strong>curvae</strong></span> <span class='ocrx_word' id='word_1_83' title='bbox 627 1331 687 1387; x_wconf 90' lang='lat' dir='ltr'><strong>in</strong></span> <span class='ocrx_word' id='word_1_84' title='bbox 715 1343 894 1389; x_wconf 88' lang='lat' dir='ltr'><strong>terras</strong></span> <span class='ocrx_word' id='word_1_85' title='bbox 927 1330 1153 1400; x_wconf 70' lang='lat' dir='ltr'><strong>animae,</strong></span> <span class='ocrx_word' id='word_1_86' title='bbox 1180 1340 1238 1386; x_wconf 90' lang='lat' dir='ltr'><strong>et</strong></span> <span class='ocrx_word' id='word_1_87' title='bbox 1265 1331 1583 1387; x_wconf 87' lang='lat' dir='ltr'><strong>coelestium</strong></span> <span class='ocrx_word' id='word_1_88' title='bbox 1614 1332 1815 1389; x_wconf 89' lang='lat' dir='ltr'><strong>inanes</strong></span> <span class='ocrx_word' id='word_1_89' title='bbox 1838 1334 1851 1389; x_wconf 86' lang='lat'>!</span> 
     </span>
     <span class='ocr_line' id='line_1_15' title="bbox 324 1407 1904 1484; baseline -0.002 -16"><span class='ocrx_word' id='word_1_90' title='bbox 324 1407 489 1468; x_wconf 79' lang='lat' dir='ltr'><strong>Quid</strong></span> <span class='ocrx_word' id='word_1_91' title='bbox 515 1408 676 1484; x_wconf 87' lang='lat' dir='ltr'><strong>juvat</strong></span> <span class='ocrx_word' id='word_1_92' title='bbox 702 1410 833 1481; x_wconf 89' lang='lat' dir='ltr'><strong>hoc,</strong></span> <span class='ocrx_word' id='word_1_93' title='bbox 859 1409 1085 1484; x_wconf 89' lang='lat' dir='ltr'><strong>templis</strong></span> <span class='ocrx_word' id='word_1_94' title='bbox 1113 1421 1334 1466; x_wconf 87' lang='lat' dir='ltr'><strong>nostros</strong></span> <span class='ocrx_word' id='word_1_95' title='bbox 1361 1409 1666 1466; x_wconf 87' lang='lat' dir='ltr'><strong>immittere</strong></span> <span class='ocrx_word' id='word_1_96' title='bbox 1695 1429 1904 1481; x_wconf 72' lang='lat' dir='ltr'><strong>moreS,</strong></span> 
     </span>
     <span class='ocr_line' id='line_1_16' title="bbox 325 1484 1721 1563; baseline 0.004 -22"><span class='ocrx_word' id='word_1_97' title='bbox 325 1484 403 1542; x_wconf 87' lang='lat' dir='ltr'><strong>Et</strong></span> <span class='ocrx_word' id='word_1_98' title='bbox 429 1486 581 1544; x_wconf 85' lang='lat' dir='ltr'><strong>bona</strong></span> <span class='ocrx_word' id='word_1_99' title='bbox 602 1486 692 1544; x_wconf 80' lang='lat' dir='ltr'><strong>dis</strong></span> <span class='ocrx_word' id='word_1_100' title='bbox 719 1507 792 1545; x_wconf 86' lang='lat' dir='ltr'><strong>ex</strong></span> <span class='ocrx_word' id='word_1_101' title='bbox 819 1488 931 1544; x_wconf 66' lang='lat' dir='ltr'><strong>hac</strong></span> <span class='ocrx_word' id='word_1_102' title='bbox 959 1487 1236 1544; x_wconf 72' lang='lat' dir='ltr'><strong>scelerata</strong></span> <span class='ocrx_word' id='word_1_103' title='bbox 1265 1488 1477 1544; x_wconf 88' lang='lat' dir='ltr'><strong>ducere</strong></span> <span class='ocrx_word' id='word_1_104' title='bbox 1504 1488 1721 1563; x_wconf 63' lang='lat' dir='ltr'><strong>pulpa?</strong></span> 
     </span>
     <span class='ocr_line' id='line_1_17' title="bbox 328 1563 1627 1641; baseline 0.002 -21"><span class='ocrx_word' id='word_1_105' title='bbox 328 1563 478 1620; x_wconf 80' lang='lat' dir='ltr'><strong>Haec</strong></span> <span class='ocrx_word' id='word_1_106' title='bbox 504 1565 615 1622; x_wconf 86' lang='lat' dir='ltr'><strong>sibi</strong></span> <span class='ocrx_word' id='word_1_107' title='bbox 641 1577 908 1641; x_wconf 89' lang='lat' dir='ltr'><strong>corrupto</strong></span> <span class='ocrx_word' id='word_1_108' title='bbox 933 1565 1143 1622; x_wconf 88' lang='lat' dir='ltr'><strong>casiam</strong></span> <span class='ocrx_word' id='word_1_109' title='bbox 1167 1564 1420 1622; x_wconf 88' lang='lat' dir='ltr'><strong>dissolvit</strong></span> <span class='ocrx_word' id='word_1_110' title='bbox 1445 1566 1627 1623; x_wconf 87' lang='lat' dir='ltr'><strong>olivo:</strong></span> 
     </span>
     <span class='ocr_line' id='line_1_18' title="bbox 325 1640 1597 1701; baseline 0.001 -3"><span class='ocrx_word' id='word_1_111' title='bbox 325 1640 404 1699; x_wconf 89' lang='lat' dir='ltr'><strong>Et</strong></span> <span class='ocrx_word' id='word_1_112' title='bbox 430 1642 740 1701; x_wconf 83' lang='lat' dir='ltr'><strong>Calabrum</strong></span> <span class='ocrx_word' id='word_1_113' title='bbox 760 1644 912 1701; x_wconf 83' lang='lat' dir='ltr'><strong>coxit</strong></span> <span class='ocrx_word' id='word_1_114' title='bbox 934 1643 1126 1701; x_wconf 86' lang='lat' dir='ltr'><strong>vitiato</strong></span> <span class='ocrx_word' id='word_1_115' title='bbox 1152 1644 1372 1700; x_wconf 91' lang='lat' dir='ltr'><strong>murice</strong></span> <span class='ocrx_word' id='word_1_116' title='bbox 1399 1643 1597 1700; x_wconf 83' lang='lat' dir='ltr'><strong>vellus.</strong></span> 
     </span>
     <span class='ocr_line' id='line_1_19' title="bbox 326 1719 1848 1797; baseline 0.001 -21"><span class='ocrx_word' id='word_1_117' title='bbox 326 1719 477 1778; x_wconf 80' lang='lat' dir='ltr'><strong>Haec</strong></span> <span class='ocrx_word' id='word_1_118' title='bbox 504 1722 740 1779; x_wconf 86' lang='lat' dir='ltr'><strong>baccam</strong></span> <span class='ocrx_word' id='word_1_119' title='bbox 768 1723 1006 1779; x_wconf 85' lang='lat' dir='ltr'><strong>conchae</strong></span> <span class='ocrx_word' id='word_1_120' title='bbox 1032 1721 1256 1793; x_wconf 82' lang='lat' dir='ltr'><strong>rasisse,</strong></span> <span class='ocrx_word' id='word_1_121' title='bbox 1285 1732 1344 1778; x_wconf 89' lang='lat' dir='ltr'><strong>et</strong></span> <span class='ocrx_word' id='word_1_122' title='bbox 1370 1722 1646 1797; x_wconf 85' lang='lat' dir='ltr'><strong>stringere</strong></span> <span class='ocrx_word' id='word_1_123' title='bbox 1672 1740 1848 1778; x_wconf 86' lang='lat' dir='ltr'><strong>venas</strong></span> 
     </span>
     <span class='ocr_line' id='line_1_20' title="bbox 326 1798 1604 1875; baseline 0.002 -21"><span class='ocrx_word' id='word_1_124' title='bbox 326 1798 622 1858; x_wconf 87' lang='lat' dir='ltr'><strong>Ferventis</strong></span> <span class='ocrx_word' id='word_1_125' title='bbox 649 1819 850 1858; x_wconf 82' lang='lat' dir='ltr'><strong>massae</strong></span> <span class='ocrx_word' id='word_1_126' title='bbox 878 1801 1057 1856; x_wconf 92' lang='lat' dir='ltr'><strong>crudo</strong></span> <span class='ocrx_word' id='word_1_127' title='bbox 1077 1800 1149 1855; x_wconf 92' lang='lat' dir='ltr'><strong>de</strong></span> <span class='ocrx_word' id='word_1_128' title='bbox 1176 1800 1408 1874; x_wconf 85' lang='lat' dir='ltr'><strong>pulvere</strong></span> <span class='ocrx_word' id='word_1_129' title='bbox 1423 1800 1604 1875; x_wconf 88' lang='lat' dir='ltr'><strong>jussit.</strong></span> 
     </span>
     <span class='ocr_line' id='line_1_21' title="bbox 324 1876 1926 1955; baseline 0.002 -23"><span class='ocrx_word' id='word_1_130' title='bbox 324 1876 538 1936; x_wconf 89' lang='lat' dir='ltr'><strong>Peccat</strong></span> <span class='ocrx_word' id='word_1_131' title='bbox 562 1889 623 1936; x_wconf 90' lang='lat' dir='ltr'><strong>et</strong></span> <span class='ocrx_word' id='word_1_132' title='bbox 650 1881 793 1950; x_wconf 81' lang='lat' dir='ltr'><strong>haec,</strong></span> <span class='ocrx_word' id='word_1_133' title='bbox 819 1888 1058 1955; x_wconf 84' lang='lat' dir='ltr'><strong>peccat:</strong></span> <span class='ocrx_word' id='word_1_134' title='bbox 1102 1878 1236 1934; x_wconf 86' lang='lat' dir='ltr'><strong>vitio</strong></span> <span class='ocrx_word' id='word_1_135' title='bbox 1262 1889 1454 1933; x_wconf 88' lang='lat' dir='ltr'><strong>tamen</strong></span> <span class='ocrx_word' id='word_1_136' title='bbox 1485 1877 1661 1935; x_wconf 68' lang='lat' dir='ltr'><strong>utitur</strong></span> <span class='ocrx_word' id='word_1_137' title='bbox 1685 1897 1699 1934; x_wconf 70' lang='grc' dir='ltr'>ε</span> <span class='ocrx_word' id='word_1_138' title='bbox 1741 1887 1799 1934; x_wconf 85' lang='lat' dir='ltr'><strong>at</strong></span> <span class='ocrx_word' id='word_1_139' title='bbox 1825 1895 1926 1935; x_wconf 82' lang='lat' dir='ltr'><strong>vos</strong></span> 
     </span>
     <span class='ocr_line' id='line_1_22' title="bbox 325 1954 1757 2032; baseline 0.001 -20"><span class='ocrx_word' id='word_1_140' title='bbox 325 1954 537 2029; x_wconf 88' lang='lat' dir='ltr'><strong>Dicite,</strong></span> <span class='ocrx_word' id='word_1_141' title='bbox 563 1957 880 2032; x_wconf 79' lang='lat' dir='ltr'><strong>pontificeS,</strong></span> <span class='ocrx_word' id='word_1_142' title='bbox 910 1957 970 2013; x_wconf 90' lang='lat' dir='ltr'><strong>in</strong></span> <span class='ocrx_word' id='word_1_143' title='bbox 999 1975 1160 2013; x_wconf 86' lang='lat' dir='ltr'><strong>sacro</strong></span> <span class='ocrx_word' id='word_1_144' title='bbox 1180 1956 1317 2030; x_wconf 88' lang='lat' dir='ltr'><strong>quid</strong></span> <span class='ocrx_word' id='word_1_145' title='bbox 1347 1955 1483 2013; x_wconf 87' lang='lat' dir='ltr'><strong>facit</strong></span> <span class='ocrx_word' id='word_1_146' title='bbox 1513 1956 1757 2013; x_wconf 68' lang='lat' dir='ltr'><strong>aurum?</strong></span> 
     </span>
     <span class='ocr_line' id='line_1_23' title="bbox 323 2032 1912 2111; baseline 0.001 -21"><span class='ocrx_word' id='word_1_147' title='bbox 323 2032 554 2111; x_wconf 90' lang='lat' dir='ltr'><strong>Nempe</strong></span> <span class='ocrx_word' id='word_1_148' title='bbox 583 2037 690 2093; x_wconf 91' lang='lat' dir='ltr'><strong>hoc</strong></span> <span class='ocrx_word' id='word_1_149' title='bbox 710 2036 858 2111; x_wconf 92' lang='lat' dir='ltr'><strong>quod</strong></span> <span class='ocrx_word' id='word_1_150' title='bbox 888 2035 1104 2093; x_wconf 89' lang='lat' dir='ltr'><strong>Veneri</strong></span> <span class='ocrx_word' id='word_1_151' title='bbox 1132 2035 1356 2092; x_wconf 86' lang='lat' dir='ltr'><strong>donatae</strong></span> <span class='ocrx_word' id='word_1_152' title='bbox 1387 2053 1421 2091; x_wconf 91' lang='lat' dir='ltr'><strong>a</strong></span> <span class='ocrx_word' id='word_1_153' title='bbox 1447 2034 1666 2110; x_wconf 83' lang='lat' dir='ltr'><strong>virgine</strong></span> <span class='ocrx_word' id='word_1_154' title='bbox 1692 2053 1912 2110; x_wconf 80' lang='lat' dir='ltr'><strong>puppae.</strong></span> 
     </span>
     <span class='ocr_line' id='line_1_24' title="bbox 321 2111 1956 2187; baseline -0.001 -15"><span class='ocrx_word' id='word_1_155' title='bbox 321 2111 488 2172; x_wconf 79' lang='lat' dir='ltr'><strong>Quin</strong></span> <span class='ocrx_word' id='word_1_156' title='bbox 517 2113 719 2170; x_wconf 87' lang='lat' dir='ltr'><strong>damus</strong></span> <span class='ocrx_word' id='word_1_157' title='bbox 747 2115 802 2170; x_wconf 92' lang='lat' dir='ltr'><strong>id</strong></span> <span class='ocrx_word' id='word_1_158' title='bbox 834 2114 1085 2187; x_wconf 78' lang='lat' dir='ltr'><strong>SuperiS,</strong></span> <span class='ocrx_word' id='word_1_159' title='bbox 1115 2113 1187 2168; x_wconf 87' lang='lat' dir='ltr'><strong>de</strong></span> <span class='ocrx_word' id='word_1_160' title='bbox 1217 2114 1425 2187; x_wconf 74' lang='lat' dir='ltr'><strong>magna</strong></span> <span class='ocrx_word' id='word_1_161' title='bbox 1454 2115 1603 2187; x_wconf 89' lang='lat' dir='ltr'><strong>quod</strong></span> <span class='ocrx_word' id='word_1_162' title='bbox 1632 2115 1768 2170; x_wconf 89' lang='lat' dir='ltr'><strong>dare</strong></span> <span class='ocrx_word' id='word_1_163' title='bbox 1789 2115 1956 2171; x_wconf 86' lang='lat' dir='ltr'><strong>lance</strong></span> 
     </span>
     <span class='ocr_line' id='line_1_25' title="bbox 323 2190 1651 2268; baseline 0.002 -21"><span class='ocrx_word' id='word_1_164' title='bbox 323 2190 460 2248; x_wconf 89' lang='lat' dir='ltr'><strong>Non</strong></span> <span class='ocrx_word' id='word_1_165' title='bbox 486 2192 661 2266; x_wconf 85' lang='lat' dir='ltr'><strong>possit</strong></span> <span class='ocrx_word' id='word_1_166' title='bbox 689 2191 880 2268; x_wconf 88' lang='lat' dir='ltr'><strong>magni</strong></span> <span class='ocrx_word' id='word_1_167' title='bbox 909 2190 1176 2247; x_wconf 83' lang='lat' dir='ltr'><strong>Messalae</strong></span> <span class='ocrx_word' id='word_1_168' title='bbox 1203 2191 1357 2265; x_wconf 86' lang='lat' dir='ltr'><strong>lippa</strong></span> <span class='ocrx_word' id='word_1_169' title='bbox 1384 2210 1651 2267; x_wconf 89' lang='lat' dir='ltr'><strong>propag0,</strong></span> 
     </span>
     <span class='ocr_line' id='line_1_26' title="bbox 324 2269 1944 2347; baseline 0.001 -22"><span class='ocrx_word' id='word_1_170' title='bbox 324 2269 715 2347; x_wconf 90' lang='lat' dir='ltr'><strong>Compositum</strong></span> <span class='ocrx_word' id='word_1_171' title='bbox 732 2270 827 2346; x_wconf 88' lang='lat' dir='ltr'><strong>jus</strong></span> <span class='ocrx_word' id='word_1_172' title='bbox 854 2270 1048 2344; x_wconf 83' lang='lat' dir='ltr'><strong>fasque</strong></span> <span class='ocrx_word' id='word_1_173' title='bbox 1078 2269 1287 2339; x_wconf 90' lang='lat' dir='ltr'><strong>animo,</strong></span> <span class='ocrx_word' id='word_1_174' title='bbox 1318 2282 1658 2344; x_wconf 87' lang='lat' dir='ltr'><strong>sanctosque</strong></span> <span class='ocrx_word' id='word_1_175' title='bbox 1685 2288 1944 2326; x_wconf 84' lang='lat' dir='ltr'><strong>recessus</strong></span> 
     </span>
     <span class='ocr_line' id='line_1_27' title="bbox 324 2347 1780 2424; baseline -0.001 -20"><span class='ocrx_word' id='word_1_176' title='bbox 324 2347 562 2421; x_wconf 90' lang='lat' dir='ltr'><strong>Mentis,</strong></span> <span class='ocrx_word' id='word_1_177' title='bbox 590 2359 650 2406; x_wconf 89' lang='lat' dir='ltr'><strong>et</strong></span> <span class='ocrx_word' id='word_1_178' title='bbox 677 2348 966 2405; x_wconf 90' lang='lat' dir='ltr'><strong>incoctum</strong></span> <span class='ocrx_word' id='word_1_179' title='bbox 993 2367 1270 2424; x_wconf 88' lang='lat' dir='ltr'><strong>generoso</strong></span> <span class='ocrx_word' id='word_1_180' title='bbox 1295 2360 1498 2422; x_wconf 86' lang='lat' dir='ltr'><strong>pectus</strong></span> <span class='ocrx_word' id='word_1_181' title='bbox 1526 2349 1780 2405; x_wconf 89' lang='lat' dir='ltr'><strong>honesto.</strong></span> 
     </span>
     <span class='ocr_line' id='line_1_28' title="bbox 325 2425 1842 2501; baseline 0.001 -18"><span class='ocrx_word' id='word_1_182' title='bbox 325 2425 473 2483; x_wconf 80' lang='lat' dir='ltr'><strong>Hoec</strong></span> <span class='ocrx_word' id='word_1_183' title='bbox 500 2427 645 2485; x_wconf 90' lang='lat' dir='ltr'><strong>cedo</strong></span> <span class='ocrx_word' id='word_1_184' title='bbox 672 2437 735 2484; x_wconf 94' lang='lat' dir='ltr'><strong>ut</strong></span> <span class='ocrx_word' id='word_1_185' title='bbox 761 2428 1093 2485; x_wconf 89' lang='lat' dir='ltr'><strong>admoveam</strong></span> <span class='ocrx_word' id='word_1_186' title='bbox 1121 2426 1366 2501; x_wconf 80' lang='lat' dir='ltr'><strong>templiS,</strong></span> <span class='ocrx_word' id='word_1_187' title='bbox 1394 2437 1451 2482; x_wconf 89' lang='lat' dir='ltr'><strong>et</strong></span> <span class='ocrx_word' id='word_1_188' title='bbox 1478 2426 1624 2483; x_wconf 88' lang='lat' dir='ltr'><strong>farre</strong></span> <span class='ocrx_word' id='word_1_189' title='bbox 1652 2426 1842 2484; x_wconf 81' lang='lat' dir='ltr'><strong>litabo.</strong></span> 
     </span>
    </p>
   </div>
   <div class='ocr_carea' id='block_1_3' title="bbox 1072 2823 1543 2883">
    <p class='ocr_par' dir='ltr' id='par_1_5' title="bbox 1072 2823 1543 2883">
     <span class='ocr_line' id='line_1_29' title="bbox 1072 2823 1543 2883; baseline -0.002 -1"><span class='ocrx_word' id='word_1_190' title='bbox 1072 2825 1389 2883; x_wconf 83' lang='lat' dir='ltr'>SATIRA</span> <span class='ocrx_word' id='word_1_191' title='bbox 1432 2823 1543 2882; x_wconf 91' lang='lat'>111.</span> 
     </span>
    </p>
   </div>
   <div class='ocr_carea' id='block_1_4' title="bbox 324 2978 1963 3370">
    <p class='ocr_par' dir='ltr' id='par_1_6' title="bbox 324 2978 1963 3291">
     <span class='ocr_line' id='line_1_30' title="bbox 402 2978 1963 3057; baseline 0 -20"><span class='ocrx_word' id='word_1_192' title='bbox 402 2979 628 3040; x_wconf 67' lang='lat' dir='ltr'><strong>Naum</strong></span> <span class='ocrx_word' id='word_1_193' title='bbox 657 2981 766 3039; x_wconf 91' lang='lat' dir='ltr'><strong>hoc</strong></span> <span class='ocrx_word' id='word_1_194' title='bbox 793 2978 1062 3038; x_wconf 68' lang='lat' dir='ltr'><strong>assidue?</strong></span> <span class='ocrx_word' id='word_1_195' title='bbox 1099 2981 1215 3057; x_wconf 86' lang='lat' dir='ltr'><strong>jam</strong></span> <span class='ocrx_word' id='word_1_196' title='bbox 1244 2983 1459 3039; x_wconf 87' lang='lat' dir='ltr'><strong>clarum</strong></span> <span class='ocrx_word' id='word_1_197' title='bbox 1489 2999 1658 3038; x_wconf 89' lang='lat' dir='ltr'><strong>mane</strong></span> <span class='ocrx_word' id='word_1_198' title='bbox 1687 2981 1963 3038; x_wconf 82' lang='lat' dir='ltr'><strong>fenestras</strong></span> 
     </span>
     <span class='ocr_line' id='line_1_31' title="bbox 324 3059 1650 3135; baseline -0.002 -17"><span class='ocrx_word' id='word_1_199' title='bbox 324 3060 527 3133; x_wconf 86' lang='lat' dir='ltr'><strong>Intrat,</strong></span> <span class='ocrx_word' id='word_1_200' title='bbox 555 3070 613 3118; x_wconf 92' lang='lat' dir='ltr'><strong>et</strong></span> <span class='ocrx_word' id='word_1_201' title='bbox 639 3070 909 3135; x_wconf 87' lang='lat' dir='ltr'><strong>angustas</strong></span> <span class='ocrx_word' id='word_1_202' title='bbox 937 3060 1192 3116; x_wconf 87' lang='lat' dir='ltr'><strong>extendit</strong></span> <span class='ocrx_word' id='word_1_203' title='bbox 1218 3060 1433 3117; x_wconf 91' lang='lat' dir='ltr'><strong>lumine</strong></span> <span class='ocrx_word' id='word_1_204' title='bbox 1461 3059 1650 3116; x_wconf 78' lang='lat' dir='ltr'><strong>rimas,</strong></span> 
     </span>
     <span class='ocr_line' id='line_1_32' title="bbox 327 3136 1902 3211; baseline -0.003 -16"><span class='ocrx_word' id='word_1_205' title='bbox 327 3140 650 3210; x_wconf 88' lang='lat' dir='ltr'><strong>Stertimus,</strong></span> <span class='ocrx_word' id='word_1_206' title='bbox 679 3138 1015 3195; x_wconf 88' lang='lat' dir='ltr'><strong>indomitum</strong></span> <span class='ocrx_word' id='word_1_207' title='bbox 1044 3139 1192 3211; x_wconf 91' lang='lat' dir='ltr'><strong>quod</strong></span> <span class='ocrx_word' id='word_1_208' title='bbox 1225 3139 1561 3211; x_wconf 80' lang='lat' dir='ltr'><strong>despumare</strong></span> <span class='ocrx_word' id='word_1_209' title='bbox 1590 3136 1902 3193; x_wconf 88' lang='lat' dir='ltr'><strong>Falernum</strong></span> 
     </span>
     <span class='ocr_line' id='line_1_33' title="bbox 327 3215 1697 3291; baseline -0.001 -18"><span class='ocrx_word' id='word_1_210' title='bbox 327 3217 604 3288; x_wconf 86' lang='lat' dir='ltr'><strong>Sufficiat,</strong></span> <span class='ocrx_word' id='word_1_211' title='bbox 631 3216 828 3291; x_wconf 74' lang='lat' dir='ltr'><strong>quintii</strong></span> <span class='ocrx_word' id='word_1_212' title='bbox 855 3216 990 3271; x_wconf 90' lang='lat' dir='ltr'><strong>dum</strong></span> <span class='ocrx_word' id='word_1_213' title='bbox 1019 3216 1170 3272; x_wconf 91' lang='lat' dir='ltr'><strong>linea</strong></span> <span class='ocrx_word' id='word_1_214' title='bbox 1198 3217 1450 3290; x_wconf 82' lang='lat' dir='ltr'><strong>tangitur</strong></span> <span class='ocrx_word' id='word_1_215' title='bbox 1479 3215 1697 3272; x_wconf 66' lang='lat' dir='ltr'><strong>umbra.</strong></span> 
     </span>
    </p>

    <p class='ocr_par' dir='ltr' id='par_1_7' title="bbox 326 3294 1772 3370">
     <span class='ocr_line' id='line_1_34' title="bbox 326 3294 1772 3370; baseline -0.001 -19"><span class='ocrx_word' id='word_1_216' title='bbox 326 3294 416 3351; x_wconf 89' lang='lat' dir='ltr'><strong>En</strong></span> <span class='ocrx_word' id='word_1_217' title='bbox 443 3295 581 3368; x_wconf 89' lang='lat' dir='ltr'><strong>quid</strong></span> <span class='ocrx_word' id='word_1_218' title='bbox 607 3295 769 3370; x_wconf 72' lang='lat' dir='ltr'><strong>agis?</strong></span> <span class='ocrx_word' id='word_1_219' title='bbox 811 3294 993 3351; x_wconf 88' lang='lat' dir='ltr'><strong>siccas</strong></span> <span class='ocrx_word' id='word_1_220' title='bbox 1020 3294 1220 3350; x_wconf 86' lang='lat' dir='ltr'><strong>insana</strong></span> <span class='ocrx_word' id='word_1_221' title='bbox 1247 3294 1529 3350; x_wconf 85' lang='lat' dir='ltr'><strong>Canicula</strong></span> <span class='ocrx_word' id='word_1_222' title='bbox 1557 3312 1772 3349; x_wconf 88' lang='lat' dir='ltr'><strong>messes</strong></span> 
     </span>
    </p>
   </div>
   <div class='ocr_carea' id='block_1_5' title="bbox 324 3369 2101 3446">
    <p class='ocr_par' dir='ltr' id='par_1_8' title="bbox 324 3369 2101 3446">
     <span class='ocr_line' id='line_1_35' title="bbox 324 3369 2101 3446; baseline -0.003 -17"><span class='ocrx_word' id='word_1_223' title='bbox 324 3371 455 3429; x_wconf 90' lang='lat' dir='ltr'><strong>Jam</strong></span> <span class='ocrx_word' id='word_1_224' title='bbox 484 3373 700 3429; x_wconf 91' lang='lat' dir='ltr'><strong>dudum</strong></span> <span class='ocrx_word' id='word_1_225' title='bbox 728 3372 937 3446; x_wconf 88' lang='lat' dir='ltr'><strong>coquit,</strong></span> <span class='ocrx_word' id='word_1_226' title='bbox 968 3383 1025 3427; x_wconf 89' lang='lat' dir='ltr'><strong>et</strong></span> <span class='ocrx_word' id='word_1_227' title='bbox 1051 3371 1242 3446; x_wconf 73' lang='lat' dir='ltr'><strong>patula</strong></span> <span class='ocrx_word' id='word_1_228' title='bbox 1270 3390 1447 3445; x_wconf 89' lang='lat' dir='ltr'><strong>pecus</strong></span> <span class='ocrx_word' id='word_1_229' title='bbox 1473 3390 1644 3428; x_wconf 91' lang='lat' dir='ltr'><strong>omne</strong></span> <span class='ocrx_word' id='word_1_230' title='bbox 1672 3371 1781 3427; x_wconf 89' lang='lat' dir='ltr'><strong>sub</strong></span> <span class='ocrx_word' id='word_1_231' title='bbox 1808 3369 1961 3425; x_wconf 93' lang='lat' dir='ltr'><strong>ulmo</strong></span> <span class='ocrx_word' id='word_1_232' title='bbox 1988 3378 2101 3424; x_wconf 88' lang='lat' dir='ltr'><strong>est:</strong></span> 
     </span>
    </p>
   </div>
   <div class='ocr_carea' id='block_1_6' title="bbox 324 3446 2020 3911">
    <p class='ocr_par' dir='ltr' id='par_1_9' title="bbox 324 3446 1980 3679">
     <span class='ocr_line' id='line_1_36' title="bbox 324 3446 1980 3507; baseline -0.003 0"><span class='ocrx_word' id='word_1_233' title='bbox 324 3450 489 3507; x_wconf 90' lang='lat' dir='ltr'><strong>Unus</strong></span> <span class='ocrx_word' id='word_1_234' title='bbox 516 3450 595 3507; x_wconf 88' lang='lat' dir='ltr'><strong>ait</strong></span> <span class='ocrx_word' id='word_1_235' title='bbox 620 3451 909 3507; x_wconf 86' lang='lat' dir='ltr'><strong>comitum.</strong></span> <span class='ocrx_word' id='word_1_236' title='bbox 993 3455 1007 3480; x_wconf 90' lang='lat'>‘</span> <span class='ocrx_word' id='word_1_237' title='bbox 1028 3450 1361 3506; x_wconf 70' lang='lat' dir='ltr'><strong>Verumne&#39;!</strong></span> <span class='ocrx_word' id='word_1_238' title='bbox 1404 3450 1557 3507; x_wconf 89' lang='lat' dir='ltr'><strong>itane</strong></span> <span class='ocrx_word' id='word_1_239' title='bbox 1579 3451 1603 3505; x_wconf 69' lang='lat' dir='ltr'><strong>&#39;i</strong></span> <span class='ocrx_word' id='word_1_240' title='bbox 1643 3446 1807 3506; x_wconf 75' lang='lat' dir='ltr'><strong>ocius</strong></span> <span class='ocrx_word' id='word_1_241' title='bbox 1835 3446 1980 3503; x_wconf 90' lang='lat' dir='ltr'><strong>adsit</strong></span> 
     </span>
     <span class='ocr_line' id='line_1_37' title="bbox 327 3526 1790 3603; baseline -0.002 -18"><span class='ocrx_word' id='word_1_242' title='bbox 327 3528 463 3585; x_wconf 89' lang='lat' dir='ltr'><strong>Huc</strong></span> <span class='ocrx_word' id='word_1_243' title='bbox 493 3527 726 3601; x_wconf 80' lang='lat' dir='ltr'><strong>aliquis!</strong></span> <span class='ocrx_word' id='word_1_244' title='bbox 769 3530 995 3585; x_wconf 88' lang='lat' dir='ltr'><strong>nemon&#39;</strong></span> <span class='ocrx_word' id='word_1_245' title='bbox 1018 3530 1056 3584; x_wconf 70' lang='lat' dir='ltr'><strong>&#39;l’</strong></span> <span class='ocrx_word' id='word_1_246' title='bbox 1102 3526 1411 3603; x_wconf 88' lang='lat' dir='ltr'><strong>Turgescit</strong></span> <span class='ocrx_word' id='word_1_247' title='bbox 1439 3528 1613 3584; x_wconf 87' lang='lat' dir='ltr'><strong>vitrea</strong></span> <span class='ocrx_word' id='word_1_248' title='bbox 1641 3527 1790 3597; x_wconf 86' lang='lat' dir='ltr'><strong>bilis,</strong></span> 
     </span>
     <span class='ocr_line' id='line_1_38' title="bbox 327 3604 1720 3679; baseline -0.001 -17"><span class='ocrx_word' id='word_1_249' title='bbox 327 3604 593 3662; x_wconf 84' lang='lat' dir='ltr'><strong>Finditur</strong></span> <span class='ocrx_word' id='word_1_250' title='bbox 619 3624 632 3659; x_wconf 78' lang='lat' dir='ltr'><em>z</em></span> <span class='ocrx_word' id='word_1_251' title='bbox 676 3606 939 3661; x_wconf 85' lang='lat' dir='ltr'><strong>Arcadiae</strong></span> <span class='ocrx_word' id='word_1_252' title='bbox 967 3607 1235 3679; x_wconf 92' lang='lat' dir='ltr'><strong>pecuaria</strong></span> <span class='ocrx_word' id='word_1_253' title='bbox 1267 3608 1472 3663; x_wconf 89' lang='lat' dir='ltr'><strong>rudere</strong></span> <span class='ocrx_word' id='word_1_254' title='bbox 1502 3607 1720 3662; x_wconf 89' lang='lat' dir='ltr'><strong>credas.</strong></span> 
     </span>
    </p>

    <p class='ocr_par' dir='ltr' id='par_1_10' title="bbox 327 3681 2020 3911">
     <span class='ocr_line' id='line_1_39' title="bbox 405 3681 1902 3757; baseline 0.001 -22"><span class='ocrx_word' id='word_1_255' title='bbox 405 3681 538 3735; x_wconf 87' lang='lat' dir='ltr'><strong>Jam</strong></span> <span class='ocrx_word' id='word_1_256' title='bbox 567 3681 728 3749; x_wconf 87' lang='lat' dir='ltr'><strong>liber,</strong></span> <span class='ocrx_word' id='word_1_257' title='bbox 754 3693 813 3736; x_wconf 90' lang='lat' dir='ltr'><strong>et</strong></span> <span class='ocrx_word' id='word_1_258' title='bbox 840 3682 1051 3738; x_wconf 88' lang='lat' dir='ltr'><strong>bicolor</strong></span> <span class='ocrx_word' id='word_1_259' title='bbox 1077 3685 1273 3757; x_wconf 88' lang='lat' dir='ltr'><strong>positis</strong></span> <span class='ocrx_word' id='word_1_260' title='bbox 1303 3684 1633 3740; x_wconf 87' lang='lat' dir='ltr'><strong>membrana</strong></span> <span class='ocrx_word' id='word_1_261' title='bbox 1661 3681 1902 3757; x_wconf 80' lang='lat' dir='ltr'><strong>capillis,</strong></span> 
     </span>
     <span class='ocr_line' id='line_1_40' title="bbox 328 3756 1781 3833; baseline 0.003 -22"><span class='ocrx_word' id='word_1_262' title='bbox 328 3756 512 3828; x_wconf 86' lang='lat' dir='ltr'><strong>lnque</strong></span> <span class='ocrx_word' id='word_1_263' title='bbox 539 3772 743 3811; x_wconf 87' lang='lat' dir='ltr'><strong>manus</strong></span> <span class='ocrx_word' id='word_1_264' title='bbox 769 3757 979 3812; x_wconf 85' lang='lat' dir='ltr'><strong>chartae</strong></span> <span class='ocrx_word' id='word_1_265' title='bbox 1007 3760 1335 3833; x_wconf 88' lang='lat' dir='ltr'><strong>nodosaque</strong></span> <span class='ocrx_word' id='word_1_266' title='bbox 1364 3760 1517 3816; x_wconf 87' lang='lat' dir='ltr'><strong>venit</strong></span> <span class='ocrx_word' id='word_1_267' title='bbox 1543 3761 1781 3816; x_wconf 88' lang='lat' dir='ltr'><strong>arundo.</strong></span> 
     </span>
     <span class='ocr_line' id='line_1_41' title="bbox 327 3830 2020 3911; baseline 0.004 -25"><span class='ocrx_word' id='word_1_268' title='bbox 327 3830 505 3888; x_wconf 82' lang='lat' dir='ltr'><strong>Tunc</strong></span> <span class='ocrx_word' id='word_1_269' title='bbox 530 3830 802 3904; x_wconf 88' lang='lat' dir='ltr'><strong>queritur,</strong></span> <span class='ocrx_word' id='word_1_270' title='bbox 831 3849 1055 3887; x_wconf 87' lang='lat' dir='ltr'><strong>crassus</strong></span> <span class='ocrx_word' id='word_1_271' title='bbox 1081 3836 1299 3891; x_wconf 85' lang='lat' dir='ltr'><strong>calamo</strong></span> <span class='ocrx_word' id='word_1_272' title='bbox 1328 3835 1478 3909; x_wconf 76' lang='lat' dir='ltr'><strong>quod</strong></span> <span class='ocrx_word' id='word_1_273' title='bbox 1506 3837 1754 3911; x_wconf 88' lang='lat' dir='ltr'><strong>pendeat</strong></span> <span class='ocrx_word' id='word_1_274' title='bbox 1780 3838 1983 3893; x_wconf 86' lang='lat' dir='ltr'><strong>humor</strong></span> <span class='ocrx_word' id='word_1_275' title='bbox 2012 3865 2020 3901; x_wconf 71' lang='grc' dir='ltr'>ς</span> 
     </span>
    </p>
   </div>
   <div class='ocr_carea' id='block_1_7' title="bbox 2220 2034 2303 2092">
    <p class='ocr_par' dir='ltr' id='par_1_11' title="bbox 2220 2034 2303 2092">
     <span class='ocr_line' id='line_1_42' title="bbox 2220 2034 2303 2092; baseline 0 0"><span class='ocrx_word' id='word_1_276' title='bbox 2220 2034 2303 2092; x_wconf 83' lang='grc'><strong>70</strong></span> 
     </span>
    </p>
   </div>
   <div class='ocr_carea' id='block_1_8' title="bbox 2219 2425 2302 2482">
    <p class='ocr_par' dir='ltr' id='par_1_12' title="bbox 2219 2425 2302 2482">
     <span class='ocr_line' id='line_1_43' title="bbox 2219 2425 2302 2482; baseline 0 0"><span class='ocrx_word' id='word_1_277' title='bbox 2219 2425 2302 2482; x_wconf 78' lang='grc'><strong>75</strong></span> 
     </span>
    </p>
   </div>
   <div class='ocr_carea' id='block_1_9' title="bbox 2228 3678 2308 3736">
    <p class='ocr_par' dir='ltr' id='par_1_13' title="bbox 2228 3678 2308 3736">
     <span class='ocr_line' id='line_1_44' title="bbox 2228 3678 2308 3736; baseline -0.013 0"><span class='ocrx_word' id='word_1_278' title='bbox 2228 3678 2308 3736; x_wconf 87' lang='grc'><strong>10</strong></span> 
     </span>
    </p>
   </div>
  </div>
 </body>
</html>
