2613 4161
1040 187 1075 195 “

320 275 398 338 40
942 273 1006 321 D.
1041 273 1071 320 J
1076 273 1235 321 UNII
1267 272 1297 319 J
1302 270 1662 320 UVENALIS

321 413 385 469 Si
413 413 585 483 libet;
630 413 766 470 hinc
794 424 1027 470 centum
1056 413 1398 489 patrimonia
1425 411 1863 484 causidicorum,

323 492 491 548 Parte
522 492 632 548 alia
662 492 841 549 solum
872 494 1077 549 russati
1107 511 1255 567 pone
1285 492 1577 547 Lacernae.

322 570 652 630 Consedere
681 572 891 627 duces:
937 571 1120 644 surgis
1148 580 1208 625 tu
1237 569 1481 643 pallidus
1510 569 1559 623 A
1562 568 1661 643 jax
2180 568 2297 626 115

321 648 597 705 Dicturus
624 648 800 704 dubia
827 668 927 722 pro
954 648 1229 717 libertate,
1259 646 1507 701 bubulco

323 726 359 782 J
364 728 547 782 udice.
630 726 861 800 Rumpe
890 726 1058 781 miser
1085 737 1309 781 tensum
1333 724 1516 799 jecur,
1546 734 1611 780 ut
1637 723 1737 779 tibi
1764 722 1913 780 lasso

322 804 601 878 Figantur
631 804 853 874 virides,
883 803 1162 859 scalarum
1188 803 1387 876 gloria,
1416 802 1636 876 palmae.

321 882 498 942 Quod
530 882 681 939 vocis
708 881 989 956 pretium?
1032 882 1218 937 siccus
1245 879 1671 955 petasunculuS,
1699 890 1757 937 et
1783 899 1882 937 vas

324 960 692 1034 Pelamydum
718 979 731 1027 3
778 971 874 1016 aut
901 970 1135 1029 vetereS‚
1165 959 1435 1014 Afrorum
1466 958 1767 1031 epimenia,
1798 959 1986 1028 bulbi;
2178 959 2294 1016 120

325 1040 446 1095 Aut
474 1040 664 1094 vinum
696 1036 895 1094 Tiberi
924 1038 1244 1107 devectum,
1272 1036 1523 1110 quinque
1551 1036 1790 1110 lagenae.

405 1116 465 1172 Si
497 1127 694 1189 quater
722 1116 905 1189 egisti,
935 1116 982 1171 si
1011 1115 1249 1188 contigit
1276 1132 1482 1170 aureus
1510 1131 1679 1185 unuS‚

324 1191 472 1249 Inde
502 1195 716 1249 cadunt
743 1204 928 1267 partes
954 1212 1026 1249 ex
1054 1192 1263 1249 soedere
1290 1191 1787 1267 pragmaticorum.

325 1271 563 1328 AE1mlio
590 1271 834 1342 dabitur,
863 1267 1138 1344 quantum
1166 1270 1319 1341 licet,
1347 1280 1405 1327 et
1432 1267 1637 1327 melius
1663 1288 1767 1326 nos

324 1349 596 1422 Egimus:
641 1348 809 1422 hujus
836 1349 987 1404 enim
1018 1358 1127 1404 stat
1153 1367 1354 1405 currus
1381 1351 1618 1419 aeneUS,
1647 1347 1744 1405 alti
2180 1349 2295 1406 125

323 1427 712 1502 Quadrijuges
741 1426 800 1483 in
829 1426 1137 1497 vestibulis,
1167 1437 1333 1501 atque
1362 1427 1481 1501 ipse
1513 1425 1686 1483 seroci

325 1505 606 1562 Bellatore
636 1504 841 1560 sedens
863 1516 1156 1562 curvatum
1184 1506 1386 1562 hastile
1415 1505 1661 1561 minatur

325 1582 587 1653 Eminus,
615 1593 673 1639 et
699 1583 884 1639 statua
913 1584 1213 1640 meditatur
1240 1583 1437 1657 proelia
1464 1583 1641 1639 lusca.

326 1661 426 1717 Sic
456 1661 612 1717 Pedo
638 1661 956 1733 conturbat,
985 1660 1182 1717 Matho
1210 1661 1436 1718 deficit:
1478 1661 1662 1717 exitus
1690 1659 1784 1717 hic
1811 1670 1899 1718 est

325 1739 599 1814 Tongilii,
629 1757 835 1812 magno
862 1758 995 1795 curn
1023 1739 1379 1796 rhinocerote
1407 1738 1577 1796 lavari
2176 1736 2294 1795 130

324 1817 446 1878 Qui
475 1817 634 1887 solet,
665 1827 723 1873 et
750 1828 913 1874 vexat
938 1818 1219 1875 lutulenta
1248 1817 1452 1875 balnea
1477 1816 1662 1888 turba,
2226 1859 2264 1892 0

324 1895 542 1971 Perque
572 1895 750 1953 forum
774 1895 1011 1970 juvenes
1037 1895 1207 1971 longo
1234 1897 1438 1971 premit
1465 1914 1671 1965 assere,
1699 1893 1905 1952 Medos

324 1973 633 2048 Empturus
659 1992 881 2048 puerOS,
911 1986 1228 2049 argentum,
1257 1974 1568 2044 murrhina,
1598 1974 1771 2030 villas.

326 2053 581 2127 Spondet
606 2052 759 2108 enim
788 2051 966 2126 Tyrio
995 2052 1241 2109 stlataria
1267 2070 1515 2127 purpura
1549 2051 1659 2108 filo.

324 2130 399 2186 Et
425 2142 614 2186 tamen
643 2141 729 2186 est
756 2130 864 2186 illis
891 2130 1000 2186 hoc
1028 2129 1197 2186 utile:
1239 2148 1485 2205 purpura
1513 2130 1706 2186 vendit
2180 2128 2296 2187 135

323 2208 714 2279 Causidicum,
743 2209 997 2265 vendunt
1024 2208 1433 2298 amethystina:
1477 2208 1743 2264 convenit
1769 2208 1881 2265 illis

324 2283 400 2343 Et
427 2286 682 2361 strepitu,
710 2297 768 2342 et
797 2286 939 2343 facie
967 2286 1193 2361 majoris
1221 2286 1407 2342 vivere
1434 2304 1658 2343 census.

326 2365 441 2420 Sed
470 2364 684 2421 finem
670 2382 940 2439 impensae
969 2385 1083 2422 non
1112 2376 1295 2423 servat
1321 2365 1556 2440 prodiga
1583 2364 1788 2420 Roma.

325 2442 585 2498 Fidimus
612 2442 877 2515 eloquio?
958 2443 1225 2500 Ciceroni
1254 2462 1425 2500 nemo
1453 2444 1728 2498 ducentos

327 2519 500 2576 Nunc
528 2519 748 2576 dederit
775 2539 1057 2591 numm05,
1086 2520 1196 2576 nisi
1227 2520 1446 2576 fulserit
1465 2519 1753 2575 annulus
1739 2538 1958 2609 ingens.
2180 2518 2296 2576 140

324 2597 588 2672 Respicit
615 2598 739 2653 haec
765 2594 1031 2687 primum,
1059 2598 1155 2672 qui
1185 2597 1386 2671 litigat,
1416 2616 1488 2653 an
1516 2598 1618 2653 tibi
1646 2597 1791 2654 servi

323 2674 494 2746 Oct0,
523 2676 723 2731 decem
752 2675 1008 2745 comite8‚
1037 2694 1110 2731 an
1138 2686 1264 2749 post
1292 2688 1348 2732 te
1376 2674 1530 2746 sella,
1552 2676 1728 2749 togati

323 2755 480 2809 Ante
508 2754 698 2828 pedes.
781 2750 921 2809 Ideo
950 2752 1238 2809 conducta
1265 2752 1476 2809 Paulus
1504 2754 1708 2827 agebat

326 2832 711 2904 Sardonyche,
740 2841 906 2904 atque
933 2831 1061 2887 ideo
1087 2831 1281 2906 pluris,
1311 2830 1481 2906 quam
1512 2832 1723 2888 Cossus
1751 2832 1972 2906 agebat,

323 2906 522 2970 Quam
554 2908 792 2964 Basilus.
876 2908 1035 2964 Rara
1063 2910 1121 2965 in
1149 2910 1308 2966 tenui
1338 2910 1605 2966 facundia
1631 2929 1839 2984 panno,
2180 2908 2295 2966 145

320 2987 575 3048 Quando
602 2987 735 3043 licet
762 2986 950 3043 Basilo
977 2985 1205 3043 flentem
1232 2988 1548 3062 producere
1575 2998 1811 3045 matrem
1833 2987 1857 3044 'l

322 3066 474 3126 Quis
506 3066 648 3122 bene
676 3065 962 3121 dicentem
985 3065 1235 3121 Basilum
1266 3066 1451 3123 serat?
1532 3066 1799 3140 Accipiat
1823 3075 1881 3122 te

322 3144 528 3214 Gallia,
560 3144 643 3201 vel
672 3140 860 3219 potius
888 3144 1171 3201 nutricula
1201 3144 1618 3202 causidicorum

324 3222 541 3291 Africa,
570 3222 616 3277 si
645 3222 857 3297 placuit
886 3224 1204 3279 mercedem
1234 3242 1444 3297 ponere
1472 3223 1698 3296 linguae.

403 3299 739 3355 Declamare
767 3301 979 3357 doces?
1059 3298 1117 3355 O
1146 3301 1325 3356 ferrea
1351 3311 1581 3375 pectora
1610 3297 1800 3370 Vect‘i,
2182 3299 2296 3355 150

319 3376 521 3436 Quum
550 3378 775 3450 perimit
802 3397 979 3434 saevos
1006 3378 1201 3434 classis
1227 3396 1529 3434 numerosa
1555 3388 1839 3450 tyrannos

323 3452 474 3509 Nam
503 3472 855 3528 quaecunque
885 3457 1091 3512 sedens
1118 3453 1287 3512 modo
1317 3455 1548 3528 legerat,
1578 3455 1702 3510 haec
1723 3456 1923 3511 eadem
1952 3465 2108 3511 stans

323 3530 591 3600 Proferet,
622 3544 788 3605 atque
816 3535 1014 3589 eadem
1044 3534 1295 3590 cantabit
1322 3532 1576 3589 versibus
1604 3530 1805 3589 isdem.

321 3608 555 3665 Occidit
582 3610 813 3666 miseros
840 3612 1067 3666 crambe
1097 3612 1334 3685 repetita
1362 3611 1672 3686 magistros.

319 3685 472 3746 Quis
499 3686 670 3756 color,
700 3697 756 3741 et
783 3688 931 3758 quod
960 3689 1031 3743 sit
1057 3707 1243 3744 causae
1272 3709 1473 3763 genus,
1503 3701 1668 3762 atque
1696 3689 1794 3745 ubi
1833 3707 2056 3746 summa
2181 3689 2297 3746 155

318 3762 599 3833 Quaestio,
626 3780 751 3837 quae
778 3762 1004 3819 veniant
1032 3764 1265 3821 diversae
1294 3766 1435 3824 sorte
1464 3767 1703 3842 sagittae,

1897 3199 1924 3217 s
