2613 4161
1106 246 1357 293 SATIRA
1393 247 1485 293 VI.

358 383 587 441 Dixeris
616 385 739 441 haec
768 385 914 442 inter
944 386 1225 443 varicosos
1252 386 1616 444 centuriones
1640 405 1655 445 t

278 461 571 521 Continuo
601 482 858 519 crassum
887 464 1034 521 ridet
1063 465 1367 521 Vulfenius
1396 466 1619 540 ingenS,

278 540 352 598 Et
381 555 617 598 centum
645 542 878 598 Graecos
907 553 1070 600 curto
1100 555 1369 600 centusse
1398 544 1615 601 licetur.

1031 851 1349 909 SATIRA
1390 853 1497 911 VI.

793 1092 806 1107 ο
901 1022 1000 1069 AD
1033 1020 1325 1070 CAESIUM
1360 1021 1656 1071 BASSUM.

362 1165 650 1221 AnMovr'r
674 1163 791 1239 jam
819 1161 1019 1221 bruma
1049 1164 1174 1220 foco
1201 1173 1277 1233 te,
1306 1163 1502 1234 Basse,
1532 1164 1790 1223 Sabino'l

278 1242 488 1299 Jamne
517 1243 635 1317 lyra
661 1254 718 1299 et
745 1244 945 1299 tetrico
973 1242 1165 1298 vivunt
1192 1241 1293 1298 tibi
1323 1242 1550 1316 pectine
1578 1244 1805 1301 chordae
1827 1246 1850 1302 l

279 1320 432 1377 Mire
460 1322 649 1396 opifex
677 1322 929 1378 numeris
959 1332 1209 1377 veterum
1237 1320 1544 1394 primordia
1570 1339 1783 1393 rerum,

281 1401 471 1473 Atque
501 1417 716 1455 marem
744 1400 1037 1476 strepitum
1066 1398 1194 1454 fidis
1223 1399 1536 1455 intendisse
1564 1399 1824 1457 Latinae:

282 1476 423 1534 Mox
445 1477 683 1552 juvenes
712 1477 921 1552 agitare
945 1477 1123 1552 jocos,
1152 1488 1209 1533 et
1236 1477 1439 1552 pollice
1469 1478 1708 1535 honesto

281 1555 566 1630 Egregius
593 1556 792 1611 lusisse
821 1575 1005 1612 seneS.
1090 1554 1238 1610 Mihi
1266 1574 1423 1611 nunc
1451 1554 1629 1631 Ligus
1655 1576 1757 1613 ora

281 1633 528 1708 Intepet,
559 1634 946 1708 hybernatque
975 1652 1166 1688 meum
1196 1650 1373 1703 mare,
1402 1633 1514 1706 qua
1541 1633 1691 1690 latus
1719 1634 1925 1711 ingens

281 1712 438 1767 Dant
465 1711 703 1786 scopuli,
732 1723 789 1768 et
817 1711 994 1768 multa
1021 1711 1177 1767 littus
1204 1729 1265 1765 se
1293 1709 1436 1766 valle
1457 1722 1728 1786 receptat.

281 1790 483 1845 Lunai
505 1798 733 1864 portum
762 1797 844 1845 est
872 1807 1052 1862 operoe
1083 1805 1431 1859 cognoscere,
1463 1788 1625 1845 cives.

279 1868 395 1924 Cor
418 1868 582 1943 jubet
612 1868 721 1923 hoc
749 1865 929 1937 Enni,
959 1876 1250 1940 postquam
1281 1865 1578 1921 destertuit
1605 1885 1732 1924 esse

280 1945 600 2003 Maeonides
627 1944 884 2005 Quintus
912 1962 1133 2018 pavone
1155 1962 1227 1999 ex
1255 1943 1629 2018 Pythagoreo.

279 2024 399 2082 Hic
426 2043 534 2101 ego
562 2042 799 2079 securus
829 2022 1001 2098 vulgi,
1031 2032 1089 2078 et
1114 2021 1247 2096 quid
1275 2031 1553 2097 praeparet
1579 2023 1793 2080 Auster

280 2103 491 2159 Infelix
515 2104 728 2178 pecori,
758 2121 992 2160 securus
1020 2111 1097 2171 et,
1128 2101 1371 2176 angulus
1397 2100 1492 2157 ille

279 2182 473 2238 Vicini
504 2191 693 2238 nostro
720 2182 852 2255 quia
878 2180 1175 2257 pinguior:
1217 2180 1323 2236 etsi
1353 2176 1497 2236 adeo
1525 2199 1725 2238 omnes

280 2261 582 2317 Ditescant
610 2260 718 2317 orti
747 2259 1053 2335 pejoribus,
1078 2277 1255 2332 usque
1285 2276 1549 2314 recusem

280 2339 507 2394 Curvus
534 2339 607 2394 ob
634 2338 692 2394 id
717 2338 901 2394 minui
930 2336 1109 2407 seni0‚
1139 2346 1236 2393 aut
1263 2355 1492 2393 coenare
1521 2336 1644 2404 sine
1673 2346 1849 2395 uncto

281 2417 357 2473 Et
386 2417 611 2491 signum
642 2417 701 2472 in
729 2416 931 2492 vapida
958 2434 1097 2471 naso
1126 2414 1379 2489 tetigisse
1407 2414 1628 2489 lagena.

283 2495 582 2569 Discrepet
611 2495 698 2550 his
727 2495 886 2551 alius,
970 2492 1265 2563 GeminOS,
1295 2492 1625 2566 horoscope,
1654 2511 1789 2551 varo

281 2572 561 2629 Producis
589 2573 773 2647 genio.
858 2572 1006 2629 Solis
1035 2570 1318 2628 natalibus
1344 2583 1431 2628 est
1456 2571 1553 2644 qui

279 2650 501 2726 Tingat
527 2650 651 2707 olus
679 2651 896 2708 siccum
926 2650 1110 2706 muria
1140 2648 1294 2705 vafer
1323 2649 1384 2705 in
1413 2649 1595 2706 calice
1625 2647 1837 2725 empta,

280 2728 414 2804 Ipse
443 2747 667 2785 sacrum
695 2729 940 2785 irrorans
966 2729 1177 2804 patinae
1205 2728 1364 2803 piper
1387 2746 1401 2783 t
1443 2727 1541 2784 hic
1569 2727 1721 2784 bona
1746 2728 1920 2786 dente

278 2808 535 2864 Grandia
563 2807 961 2882 magnanimus
985 2805 1206 2882 peragit
1229 2824 1388 2881 puer.
1470 2806 1610 2863 Utar
1637 2824 1766 2883 eg0,
1795 2817 1957 2878 utar3

281 2885 413 2941 Nec
440 2886 705 2943 rhombos
732 2886 861 2942 ideo
888 2885 1101 2942 libertis
1126 2902 1338 2959 ponere
1367 2885 1572 2955 lautuS,

280 2962 340 3019 N
344 2982 412 3020 ec
440 2975 667 3021 tenuem
698 2964 873 3021 solers
900 2965 1193 3020 turdarum
1221 2960 1391 3019 nosse
1420 2963 1692 3020 salivam.‘

281 3041 474 3099 Messe
502 3054 668 3098 tenus
694 3041 920 3116 propria
946 3042 1088 3111 vive,
1117 3052 1175 3097 ct
1200 3041 1481 3116 granaria,
1513 3041 1595 3097 fas
1622 3050 1728 3113 est,

2156 249 2275 335 10⁵.

2154 466 2270 529 190

2191 1869 2265 1926 10

2194 2261 2263 2318 15

2184 3040 2265 3099 25

283 3120 499 3176 Emole.
581 3119 747 3180 Quid
778 3120 1041 3176 metuas?
1083 3137 1243 3188 occa,
1272 3130 1331 3175 et
1359 3138 1523 3194 seges
1552 3120 1732 3177 altera
1757 3117 1818 3176 in
1846 3119 2025 3176 herba
2051 3128 2158 3177 est.

284 3200 394 3254 Ast
423 3208 586 3254 vocat
614 3198 865 3255 officium
892 3215 906 3253 ε
949 3197 1107 3253 trabe
1131 3197 1299 3270 rupta
1327 3197 1549 3254 Bruttia
1576 3216 1714 3254 saxa

282 3275 522 3332 Prendit
552 3276 770 3332 amicus
799 3277 980 3351 inopS,
1009 3294 1241 3349 remque
1268 3294 1497 3332 omnem
1527 3276 1809 3351 surdaque
1836 3285 1968 3333 vota

281 3354 556 3410 Condidit
586 3354 786 3410 Ionio:
822 3355 975 3429 jacet
1005 3354 1123 3429 ipse
1152 3354 1208 3410 in
1240 3353 1444 3425 littore,
1473 3364 1532 3410 et
1558 3354 1677 3409 una

281 3432 561 3506 Ingentes
593 3434 664 3488 de
694 3451 880 3507 puppe
908 3431 1022 3503 dei,
1048 3432 1277 3507 jamque
1308 3432 1475 3488 obvia
1503 3430 1713 3505 mergis

280 3512 459 3568 Costa
482 3511 616 3567 ratis
644 3511 863 3566 lacerae.
947 3509 1005 3565 N
1014 3529 1126 3565 unc
1154 3521 1211 3566 et
1239 3510 1312 3565 de
1338 3509 1557 3584 cespite
1588 3509 1714 3565 vivo

284 3589 510 3662 Frange
540 3588 769 3660 aliquid,
798 3588 1002 3662 largire
1031 3587 1209 3661 inopi,
1239 3606 1313 3643 ne
1340 3586 1526 3661 pictus
1552 3586 1777 3642 oberret

279 3667 553 3723 Coerulea
583 3667 639 3722 in
672 3667 882 3722 tabula.
967 3670 981 3695 ‘
1009 3665 1125 3721 Sed
1152 3682 1379 3720 coenam
1412 3663 1624 3721 funeris
1653 3663 1835 3720 haeres

281 3744 558 3830 Negliget
584 3745 780 3814 iratuS,
807 3740 962 3817 quod
993 3761 1114 3799 rem
1142 3741 1455 3798 curtaveris
1479 3760 1493 3798 :
1535 3757 1696 3797 urnae
