2613 4161
257 218 338 279 30
882 208 949 257 D.
982 205 1178 254 JUN11
1211 199 1605 252 JUVENALIS

261 358 441 417 Nunc
466 353 714 433 patimur
740 352 928 427 longae
955 348 1115 425 pacis
1142 346 1310 403 mala.
1395 340 1608 400 Saevior
1637 336 1809 397 armis
2127 330 2257 388 245

262 436 518 494 Luxuria
544 432 826 503 incubuit,
854 430 1179 502 victumque
1208 423 1504 480 ulciscitur
1532 419 1746 476 orbem.

264 515 507 573 Nullum
535 512 755 568 crimen
786 510 967 576 abest;
997 506 1329 576 facinusque
1359 497 1634 567 libidinis,
1663 515 1733 552 ex
1761 512 1875 568 quo

264 594 576 668 Paupertas
604 590 873 647 Romana
898 582 1061 660 perit.
1146 581 1306 636 Hinc
1336 576 1497 633 fluxit
1525 576 1595 632 ad
1625 575 1763 630 istos

265 670 343 729 Et
371 668 605 745 Sybaris
631 665 825 737 colleS,
856 663 992 720 hinc
1021 670 1078 717 et
1104 659 1367 727 Rhodos,
1395 666 1453 712 et
1480 653 1733 722 Miletos,

267 752 461 824 Atque
489 756 821 805 coronatum
848 753 906 799 et
932 737 1195 816 petulans
1221 735 1628 806 madidumque
1656 730 1995 787 Tarentum.
2131 723 2258 781 250

270 827 466 886 Prima
491 822 820 900 peregrinos
846 820 1119 878 obscoena
1145 814 1405 872 Pecu‘nia
1430 830 1618 869 mores

272 903 494 975 Intulit,
523 913 582 960 et
607 900 758 976 turpi
787 900 1079 973 fregerunt
1107 892 1321 952 saecula
1346 893 1485 948 luxu

271 982 502 1041 Divitiae
531 978 745 1038 molles,
826 976 991 1038 Quid
1020 974 1176 1031 enim
1206 972 1409 1028 Venus
1436 969 1594 1027 ebria
1621 976 1783 1023 curat
1802 965 1910 1021 'l—

352 1061 431 1119 Ut
453 1054 670 1136 spectet
695 1056 882 1127 ludos,
912 1053 1186 1112 conducit
1213 1049 1474 1125 Ogulnia
1500 1055 1735 1117 vestem,

275 1138 568 1197 Conducit
597 1135 854 1203 comites,
883 1132 1101 1200 sellam,
1131 1128 1396 1197 cervical,
1426 1126 1659 1194 amicaS‚
2135 1116 2259 1173 255

275 1216 603 1284 Nutricem,
631 1222 689 1269 et
719 1211 939 1281 flavam,
969 1209 1065 1265 cui
1094 1208 1192 1263 det
1217 1206 1506 1273 mandata,
1534 1200 1802 1277 puellam.

277 1294 425 1352 Haec
453 1304 643 1349 tamen
672 1288 891 1364 argenti
920 1295 1177 1362 superest
1202 1283 1582 1357 quodcunque
1606 1277 1826 1354 paterni

277 1370 525 1430 Levibus
553 1367 798 1438 athletiS,
823 1383 892 1423 ac
919 1384 1052 1421 vasa
1079 1362 1385 1420 novissima
1412 1361 1604 1416 donat.

280 1448 483 1508 Multis
509 1467 601 1505 res
630 1454 872 1520 angusta
897 1442 1086 1500 domi:
1129 1442 1228 1497 sed
1258 1439 1417 1496 nulla
1441 1438 1720 1513 pudorem

279 1525 637 1603 Paupertatis
665 1523 856 1595 habet,
884 1540 996 1579 nec
1024 1541 1085 1579 se
1113 1519 1344 1576 metitur
1372 1517 1443 1574 ad
1472 1516 1653 1586 illum,
2103 1533 2107 1536 ⁴
2140 1507 2263 1564 260

278 1605 479 1674 Quem
505 1603 665 1660 dedit
679 1603 810 1659 haec
835 1601 1155 1677 posuitque,
1184 1598 1436 1654 modum.
1519 1594 1746 1651 Tamen
1777 1589 1916 1648 utile
1943 1587 2080 1664 quid
2108 1585 2180 1643 sit

280 1682 643 1758 Prospiciunt
670 1680 974 1757 aliquando
1002 1677 1105 1734 viri
1129 1697 1143 1746 ;
1188 1676 1477 1752 frigusque
1505 1673 1826 1746 famemque

281 1761 555 1820 For-mica
580 1760 814 1817 tandem
849 1757 1082 1833 quidam
1108 1753 1389 1832 expavere
1416 1751 1706 1826 magistra.

282 1840 530 1916 Prodiga
557 1858 673 1897 non
701 1838 875 1895 sentit
900 1845 1239 1912 pereuntem
1269 1832 1504 1890 foemina
1531 1847 1790 1900 censum,

283 1919 398 1990 Ac,
426 1919 578 1975 velut
604 1917 880 1974 exhausta
906 1915 1190 1972 recidivus
1215 1912 1454 1989 pullulet
1481 1910 1616 1967 arca
2144 1898 2267 1957 265

284 1995 576 2054 Nummus
601 2006 659 2052 et
686 2014 719 2052 e
744 1995 916 2070 pleno
944 2012 1168 2066 semper
1195 1991 1422 2047 tollatur
1452 2006 1671 2057 acerv0,

284 2073 422 2134 Non
451 2092 699 2149 unquam
721 2082 961 2147 reputat,
983 2070 1177 2144 quanti
1208 2068 1314 2124 sibi
1342 2066 1553 2141 gaudia
1580 2072 1944 2122 constent.—

366 2151 430 2209 Si
459 2152 670 2228 gaudet
698 2161 905 2218 cantu;
949 2148 1161 2204 nullius
1187 2146 1360 2203 fibula
1387 2146 1554 2201 durat

286 2231 509 2290 Vocem
536 2229 834 2287 vendentis
859 2227 1194 2303 praetoribus
1219 2244 1232 2282 ε
1274 2242 1489 2299 organa
1515 2239 1737 2297 semper

289 2309 362 2367 In
391 2309 691 2367 manibus:
734 2306 897 2364 densi
925 2307 1148 2364 radiant
1175 2304 1462 2362 testudine
1489 2301 1608 2359 tota
2148 2297 2269 2355 270

289 2387 689 2462 Sardonyches
715 2404 728 2441 ε
771 2385 958 2460 crispo
985 2393 1357 2441 numerantur
1385 2381 1613 2456 pectine
1640 2379 1890 2449 chordae,

287 2463 429 2525 Quo
455 2477 619 2521 tener
646 2462 994 2535 Hedymeles
1021 2481 1222 2535 operas
1250 2460 1406 2516 dedit
1432 2478 1444 2514 :
1490 2460 1645 2514 hunc
1672 2467 1850 2526 tenet,
1879 2457 1990 2513 hoc
2017 2473 2080 2512 se

291 2542 540 2613 Solatur,
569 2553 842 2616 gratoque
870 2538 1127 2613 indulget
1156 2537 1311 2593 basia
1338 2537 1568 2611 plectro.

289 2618 581 2679 Quaedam
609 2618 682 2674 de
710 2635 949 2673 numero
976 2615 1304 2672 Lamiarum
1335 2633 1403 2670 ac
1430 2612 1679 2670 nominis
1709 2613 1808 2670 alti

292 2695 443 2755 Cum
472 2696 617 2753 farre
646 2705 704 2753 et
734 2693 863 2751 vino
891 2694 927 2749 J
933 2713 1105 2750 anum
1138 2695 1483 2767 Vestamque
1511 2691 1764 2767 rogabat,
2149 2690 2270 2748 275

293 2776 394 2832 An
422 2773 803 2850 Capitolinam
831 2773 1064 2830 deberet
1092 2772 1272 2830 Pollio
1299 2789 1571 2846 quercum

294 2855 556 2928 Sperare,
584 2861 643 2909 et
670 2850 878 2908 fidibus
903 2851 1242 2926 promittere.
1325 2850 1488 2909 Quid
1520 2850 1733 2905 faceret
1757 2848 1885 2923 plus

294 2932 633 3007 AEgrotante
655 2929 812 2986 viro'l
855 2928 1093 2987 medicis
1121 2930 1255 3004 quid
1284 2928 1539 2985 tristibus
1565 2946 1701 3002 erga

295 3010 564 3068 Filiolum
587 3008 612 3065 'l
694 3008 863 3065 Stetit
892 3018 1031 3065 ante
1052 3027 1226 3079 aram,
1257 3026 1366 3063 nec
1394 3018 1556 3082 turpe
1583 3005 1796 3081 putavit

294 3089 406 3147 Pro
433 3086 654 3147 cithara
681 3086 867 3144 velare
895 3098 1065 3162 caput
1087 3106 1102 3155 ;
1147 3087 1471 3161 dictataque
1500 3085 1669 3142 verba
2153 3082 2274 3139 280

294 3166 556 3240 Pertulit,
584 3176 647 3222 ut
672 3186 797 3224 mos
823 3177 926 3238 est,
955 3178 1013 3224 et
1039 3167 1233 3241 aperta
1260 3166 1460 3240 palluit
1488 3163 1656 3238 agna.

196 3318 201 3322 ἱ
295 3242 411 3301 Dic
436 3245 575 3302 mihi
603 3263 779 3317 nunc,
807 3263 1018 3318 quaeSO,
1047 3245 1160 3316 dic,
1191 3244 1578 3317 antiquissime
1606 3239 1819 3312 divum,

176 3381 195 3392 „
295 3322 638 3397 Respondes
666 3323 773 3394 his,
805 3323 839 3378 J
845 3342 951 3379 ane
979 3322 1183 3397 pater'l
1264 3320 1483 3395 Magna
1509 3320 1625 3376 otia
1650 3319 1779 3375 coeli
1806 3336 1820 3374 ε

295 3397 434 3474 Non
462 3410 566 3472 est,
593 3411 658 3457 ut
686 3400 868 3473 video,
898 3420 1012 3458 non
1040 3410 1144 3470 est,
1172 3400 1321 3473 quod
1351 3408 1547 3473 agatur
1577 3398 1727 3471 apud
1756 3416 1870 3454 vos.

297 3477 446 3537 Haec
473 3479 544 3534 de
573 3478 846 3534 comoedis
872 3489 929 3534 te
957 3477 1233 3536 consulit:
1277 3477 1371 3533 illa
1399 3475 1718 3551 tragoedum
2152 3471 2276 3530 285

298 3556 720 3614 Commendare
749 3555 928 3611 volet:
972 3557 1261 3614 varicosus
1289 3555 1386 3612 fiet
1408 3556 1709 3630 haruspex.

377 3634 717 3715 Sed‘cantet
736 3629 942 3708 potins,
969 3632 1140 3706 quam
1168 3645 1341 3691 totam
1368 3633 1615 3711 pervolet
1642 3632 1841 3691 urbem

299 3711 529 3784 Audax,
556 3720 615 3769 et
640 3720 825 3767 coetus
849 3710 1027 3785 possit
1053 3710 1226 3793 quam
1257 3712 1403 3769 ferre
1429 3714 1696 3784 virorum,
