2613 4161
340 265 410 321 [6
956 260 1022 307 D.
1057 260 1250 307 JUNII
1285 259 1679 307 JUVENALIS

330 403 677 476 AEquantem
707 398 847 458 sane
877 403 1106 477 paribus
1134 401 1391 457 sestertia
1419 399 1596 471 libris,

331 482 405 537 Ut
432 481 745 555 perhibent,
776 482 871 554 qui
901 483 971 536 de
1002 480 1221 554 magnis
1250 480 1462 552 majora
1490 479 1809 551 loquuntur.

331 560 644 615 Consilium
677 559 845 615 laudo
875 559 1123 627 artificis,
1154 559 1198 612 si
1229 576 1464 612 munere
1494 568 1652 612 tanto

335 637 684 711 Praecipuam
717 638 771 692 in
804 638 1006 693 tabulis
1036 655 1221 691 ceram
1254 636 1406 690 senis
1438 635 1667 691 abstulit
1693 634 1833 690 orbi.

332 716 434 772 Est
463 717 603 772 ratio
632 716 878 784 ulterior,
910 733 1130 788 magna}
1160 714 1204 768 si
1236 713 1387 768 misit
1416 714 1634 782 amicae,

331 796 480 854 Quae
513 795 730 849 vehitur
759 795 952 849 clauso
981 793 1106 848 latis
1135 792 1522 865 specularibus
1551 803 1727 847 antro.

332 873 429 927 Nil
461 873 570 928 tale
600 885 927 945 exspectes:
970 872 1107 927 emit
1135 870 1258 926 sibi.
1347 869 1531 925 Multa
1559 871 1836 940 videmus,

330 951 482 1010 Quae
514 952 680 1005 miser
704 961 760 1006 et
790 951 935 1024 frugi
966 970 1077 1006 non
1111 950 1244 1005 fecit
1272 950 1530 1022 Apicius.
1617 948 1747 1005 Hoc
1774 960 1836 1004 tu

334 1030 679 1085 Succinctus
706 1030 887 1102 patria
916 1030 1219 1102 quondam,
1250 1028 1532 1101 Crispine,
1561 1029 1811 1101 papyro?

334 1107 464 1162 Hoc
492 1108 670 1180 pretio
701 1109 986 1180 squamae?
1028 1107 1208 1180 potuit
1238 1106 1470 1161 sortasse
1500 1105 1732 1160 minoris

332 1185 604 1254 Piscator,
633 1183 801 1257 quam
831 1185 1020 1259 pisciS,
1050 1185 1177 1239 emi.
1262 1183 1563 1238 Provincia
1591 1183 1731 1238 tanti

333 1263 546 1318 Vendit
576 1281 771 1335 agros3
815 1263 913 1317 sed
944 1262 1181 1335 majores
1212 1260 1463 1334 Appulia
1491 1261 1700 1319 vendit.

332 1340 553 1400 Quales
581 1352 719 1395 tunc
748 1341 943 1413 epulas
974 1340 1154 1414 ipsum
1184 1339 1419 1412 glutisse
1446 1350 1711 1412 putemus

334 1418 835 1492 Endoperatorem,
864 1437 1042 1491 quum
1084 1427 1166 1473 tot
1211 1417 1485 1486 sestertia,
1514 1429 1730 1490 partem

333 1496 633 1570 Exiguam,
666 1505 723 1550 et
750 1497 988 1551 modicae
1018 1506 1294 1568 sumptam
1325 1496 1397 1550 de
1429 1495 1684 1569 margine
1713 1514 1915 1569 coenae,

333 1574 659 1647 Purpureus
688 1574 877 1648 magni
907 1574 1143 1629 ructarit
1169 1592 1364 1630 scurra
1392 1573 1595 1644 Palati,

268 1653 283 1668 ⁴
334 1652 463 1707 Jam
492 1652 756 1726 princeps
784 1653 1055 1725 equitum,
1085 1652 1292 1725 magna
1320 1652 1416 1726 qu'i
1445 1671 1582 1710 voce
1611 1653 1826 1710 solebat

331 1730 599 1786 Vendere
627 1731 946 1805 municipes
972 1729 1140 1787 fricta
1170 1731 1242 1785 de
1272 1746 1465 1786 merce
1496 1729 1744 1785 siluros'l

333 1807 554 1883 Incipe,
585 1808 863 1882 Calliope,
894 1809 1025 1865 licet
1053 1820 1110 1865 et
1138 1809 1471 1865 considere:
1513 1829 1629 1866 non
1657 1821 1743 1867 est

333 1886 721 1958 Cantandum‚
751 1907 841 1943 res
869 1907 1000 1943 vera
1029 1888 1232 1962 agitur.
1317 1888 1579 1958 Narrate,
1608 1888 1810 1963 puellae

333 1965 625 2021 Pierides.
669 1935 844 2040 piosit
873 1967 1010 2022 mihi
1041 1987 1136 2022 vos
1166 1967 1373 2022 dixisse
1402 1967 1655 2039 puellas!

411 2043 655 2104 Quum
635 2063 752 2119 Jam
782 2045 1178 2101 semianimum
1207 2045 1479 2100 laceraret
1509 2043 1739 2099 Flavius
1766 2042 1962 2099 orbem

332 2122 594 2192 Ultimus,
624 2134 681 2178 et
709 2124 867 2179 calvo
895 2124 1124 2179 serviret
1151 2123 1341 2177 Roma
1369 2121 1426 2175 N
1432 2141 1622 2189 eroni

333 2199 547 2256 Incidit
579 2201 813 2257 Adriaci
845 2203 1087 2275 spatium
1118 2200 1448 2256 admirabile
1480 2200 1697 2255 rhombi

333 2281 487 2335 Ante
517 2280 747 2335 domum
779 2281 1040 2351 VeneriS‚
1064 2298 1231 2353 quam
1262 2278 1472 2334 Dorica
1500 2280 1737 2334 sustinet
1764 2280 1994 2349 Ancon,

333 2356 704 2431 Implevitque
733 2358 891 2414 sinus
916 2378 928 2414 z
973 2378 1156 2433 neque
1184 2358 1339 2413 enim
1368 2359 1549 2414 minor
1581 2359 1820 2413 haeserat
1848 2357 1976 2428 illis,

332 2436 498 2495 Quos
525 2437 705 2510 operit
731 2436 944 2510 glacies
974 2437 1262 2505 Maeotica‚
1294 2449 1566 2510 ruptaque
1596 2438 1827 2492 tandem

335 2513 562 2569 Solibus
590 2514 832 2569 effundit
859 2515 1129 2588 torpentis
1154 2516 1221 2569 ad
1252 2515 1396 2570 ostia
1424 2514 1591 2569 Ponti

333 2590 572 2647 Desidia
600 2592 806 2662 tardOS,
838 2603 895 2648 et
922 2592 1092 2665 longo
1121 2592 1324 2665 frigore
1353 2591 1611 2665 pingues,

334 2669 595 2726 Destinat
623 2670 732 2726 hoc
759 2680 1071 2725 monstrum
1100 2670 1318 2743 cymbas
1348 2669 1561 2742 linique
1590 2667 1857 2742 magister

333 2748 597 2804 Pontifici
626 2766 864 2803 summo.
946 2746 1098 2806 Quis
1127 2747 1279 2803 enim
1308 2765 1619 2820 proponere
1647 2746 1818 2802 talem

334 2828 456 2882 Aut
483 2845 671 2882 emere
700 2826 952 2894 auderet,
982 2844 1154 2898 quum
1177 2825 1347 2899 plena
1376 2837 1433 2881 et
1458 2824 1643 2881 littora
1672 2824 1849 2880 multo

334 2904 599 2961 Delatore
630 2903 849 2960 forent?
932 2902 1186 2976 Dispersi
1214 2913 1483 2977 protenus
1513 2903 1653 2977 algae

337 2983 705 3057 Inquisitores
733 2992 967 3055 agerent
995 3000 1126 3036 cum
1156 2982 1371 3055 remige
1399 2982 1573 3051 nud0,

334 3062 469 3118 Non
500 3059 808 3117 dubitaturi
838 3060 1133 3134 fugitivum
1165 3060 1356 3116 dicere
1385 3060 1621 3134 piscem,

335 3140 758 3213 Depastumque
787 3137 884 3195 diu
916 3139 1120 3195 vivaria
1150 3139 1413 3208 CaesariS,
1445 3139 1577 3195 inde

337 3218 605 3291 Elapsum
635 3231 879 3275 veterem
910 3219 977 3273 ad
1009 3218 1301 3274 dominum
1333 3219 1538 3273 debere
1568 3217 1786 3273 reverti.

339 3297 401 3350 Si
432 3297 564 3367 quid
595 3296 863 3366 Palfurio,
887 3297 933 3351 si
964 3298 1249 3351 credimus
1279 3296 1600 3364 Armillat0‚

335 3373 635 3445 Quidquid
665 3376 1057 3448 conspicuum,
1087 3375 1498 3447 pulchrumque
1528 3385 1613 3427 est
1645 3389 1866 3444 aequore
1894 3380 2030 3443 totu,

336 3451 460 3507 Res
490 3450 610 3505 fisci
639 3463 742 3521 est,
773 3454 1095 3525 ubicunque
1124 3462 1294 3508 natat.
1381 3451 1699 3507 Donabitur
1728 3447 1890 3524 ergo,

337 3528 432 3583 Ne
460 3539 667 3601 pereat.
751 3528 787 3583 J
792 3548 881 3584 am
911 3531 1128 3586 letifero
1156 3532 1398 3586 cedente
1427 3529 1642 3603 pruinis

337 3608 651 3676 Autumno,
678 3606 793 3681 jam
821 3620 1151 3680 quartanam
1181 3608 1536 3681 sperantibus
1565 3607 1747 3681 aegriS,

339 3685 627 3740 Stridebat
655 3685 924 3740 deformis
956 3686 1154 3754 hiemS‚
1182 3688 1541 3759 przfdamque
1572 3697 1860 3741 recentem

340 3762 610 3818 Servabat
635 3780 647 3817 :
691 3772 881 3817 tamen
910 3762 1005 3817 hic
1032 3774 1313 3836 properat,
1343 3764 1494 3820 velut
1523 3775 1761 3839 urgueat
1787 3765 2011 3820 Auster.

2244 400 2318 456 10·

2232 792 2316 848 20

2231 1571 2310 1629 30

2234 2355 2312 2411 40

2235 3529 2317 3584 55
