<?xml version="1.0" encoding="UTF-8"?>
<!DOCTYPE html PUBLIC "-//W3C//DTD XHTML 1.0 Transitional//EN"
    "http://www.w3.org/TR/xhtml1/DTD/xhtml1-transitional.dtd">
<html xmlns="http://www.w3.org/1999/xhtml" xml:lang="en" lang="en">
 <head>
  <title>
</title>
<meta http-equiv="Content-Type" content="text/html;charset=utf-8" />
  <meta name='ocr-system' content='tesseract 3.04.00' />
  <meta name='ocr-capabilities' content='ocr_page ocr_carea ocr_par ocr_line ocrx_word'/>
</head>
<body>
  <div class='ocr_page' id='page_1' title='image "./decimijuniijuve03persgoog_0018.png"; bbox 0 0 2613 4161; ppageno 0'>
   <div class='ocr_carea' id='block_1_1' title="bbox 446 237 1790 301">
    <p class='ocr_par' dir='ltr' id='par_1_1' title="bbox 446 237 1790 301">
     <span class='ocr_line' id='line_1_1' title="bbox 446 237 1790 301; baseline -0.009 -4"><span class='ocrx_word' id='word_1_1' title='bbox 446 242 519 297; x_wconf 78' lang='grc'>12</span> <span class='ocrx_word' id='word_1_2' title='bbox 634 298 635 301; x_wconf 8' lang='grc' dir='ltr'><strong>Ἰ</strong></span> <span class='ocrx_word' id='word_1_3' title='bbox 1067 240 1132 286; x_wconf 93' lang='lat' dir='ltr'>D.</span> <span class='ocrx_word' id='word_1_4' title='bbox 1166 240 1363 287; x_wconf 87' lang='lat' dir='ltr'>JUNII</span> <span class='ocrx_word' id='word_1_5' title='bbox 1396 237 1790 287; x_wconf 85' lang='lat' dir='ltr'><strong>JUVENALIS</strong></span> 
     </span>
    </p>
   </div>
   <div class='ocr_carea' id='block_1_2' title="bbox 402 379 2163 3828">
    <p class='ocr_par' dir='ltr' id='par_1_2' title="bbox 435 379 2088 845">
     <span class='ocr_line' id='line_1_2' title="bbox 442 379 1793 455; baseline 0.001 -20"><span class='ocrx_word' id='word_1_6' title='bbox 442 379 565 436; x_wconf 88' lang='lat' dir='ltr'>Res</span> <span class='ocrx_word' id='word_1_7' title='bbox 595 391 835 455; x_wconf 88' lang='lat' dir='ltr'>angusta</span> <span class='ocrx_word' id='word_1_8' title='bbox 861 380 1049 444; x_wconf 80' lang='lat' dir='ltr'>domi;</span> <span class='ocrx_word' id='word_1_9' title='bbox 1093 382 1193 437; x_wconf 88' lang='lat' dir='ltr'>sed</span> <span class='ocrx_word' id='word_1_10' title='bbox 1224 381 1429 438; x_wconf 81' lang='lat' dir='ltr'>Romae</span> <span class='ocrx_word' id='word_1_11' title='bbox 1457 381 1651 437; x_wconf 91' lang='lat' dir='ltr'>durior</span> <span class='ocrx_word' id='word_1_12' title='bbox 1680 380 1793 437; x_wconf 88' lang='lat' dir='ltr'>illis</span> 
     </span>
     <span class='ocr_line' id='line_1_3' title="bbox 439 459 1919 534; baseline 0.001 -20"><span class='ocrx_word' id='word_1_13' title='bbox 439 459 726 515; x_wconf 88' lang='lat' dir='ltr'>Conatus:</span> <span class='ocrx_word' id='word_1_14' title='bbox 772 478 978 533; x_wconf 89' lang='lat' dir='ltr'>magno</span> <span class='ocrx_word' id='word_1_15' title='bbox 1007 461 1313 534; x_wconf 88' lang='lat' dir='ltr'>hospitium</span> <span class='ocrx_word' id='word_1_16' title='bbox 1342 459 1679 529; x_wconf 81' lang='lat' dir='ltr'><strong>miserabile,</strong></span> <span class='ocrx_word' id='word_1_17' title='bbox 1708 476 1919 533; x_wconf 87' lang='lat' dir='ltr'>magno</span> 
     </span>
     <span class='ocr_line' id='line_1_4' title="bbox 440 537 1787 612; baseline 0.001 -20"><span class='ocrx_word' id='word_1_18' title='bbox 440 539 739 593; x_wconf 87' lang='lat' dir='ltr'>Servorum</span> <span class='ocrx_word' id='word_1_19' title='bbox 770 549 1014 607; x_wconf 80' lang='lat' dir='ltr'>ventreS,</span> <span class='ocrx_word' id='word_1_20' title='bbox 1044 548 1101 594; x_wconf 94' lang='lat' dir='ltr'>et</span> <span class='ocrx_word' id='word_1_21' title='bbox 1131 539 1277 612; x_wconf 85' lang='lat' dir='ltr'>frugi</span> <span class='ocrx_word' id='word_1_22' title='bbox 1308 537 1533 593; x_wconf 74' lang='lat' dir='ltr'>coenula</span> <span class='ocrx_word' id='word_1_23' title='bbox 1560 556 1787 610; x_wconf 91' lang='lat' dir='ltr'>magn0.</span> 
     </span>
     <span class='ocr_line' id='line_1_5' title="bbox 438 613 1846 690; baseline 0 -20"><span class='ocrx_word' id='word_1_24' title='bbox 438 615 738 672; x_wconf 83' lang='lat' dir='ltr'>Fictilibus</span> <span class='ocrx_word' id='word_1_25' title='bbox 766 634 991 672; x_wconf 86' lang='lat' dir='ltr'>coenare</span> <span class='ocrx_word' id='word_1_26' title='bbox 1019 617 1213 690; x_wconf 88' lang='lat' dir='ltr'>pudet,</span> <span class='ocrx_word' id='word_1_27' title='bbox 1243 616 1394 689; x_wconf 91' lang='lat' dir='ltr'>quod</span> <span class='ocrx_word' id='word_1_28' title='bbox 1423 625 1585 689; x_wconf 86' lang='lat' dir='ltr'>turpe</span> <span class='ocrx_word' id='word_1_29' title='bbox 1615 613 1846 689; x_wconf 82' lang='lat' dir='ltr'>negavit</span> 
     </span>
     <span class='ocr_line' id='line_1_6' title="bbox 435 691 2088 766; baseline -0.001 -17"><span class='ocrx_word' id='word_1_30' title='bbox 435 693 777 750; x_wconf 85' lang='lat' dir='ltr'>Translatus</span> <span class='ocrx_word' id='word_1_31' title='bbox 805 691 989 749; x_wconf 73' lang='lat' dir='ltr'>subito</span> <span class='ocrx_word' id='word_1_32' title='bbox 1020 695 1091 749; x_wconf 88' lang='lat' dir='ltr'>ad</span> <span class='ocrx_word' id='word_1_33' title='bbox 1122 693 1343 749; x_wconf 85' lang='lat' dir='ltr'>Marsos</span> <span class='ocrx_word' id='word_1_34' title='bbox 1372 711 1738 766; x_wconf 85' lang='lat' dir='ltr'>mensamque</span> <span class='ocrx_word' id='word_1_35' title='bbox 1769 691 2088 762; x_wconf 87' lang='lat' dir='ltr'>Sabellam;</span> 
     </span>
     <span class='ocr_line' id='line_1_7' title="bbox 435 770 1804 845; baseline 0.001 -19"><span class='ocrx_word' id='word_1_36' title='bbox 435 771 864 845; x_wconf 91' lang='lat' dir='ltr'>Contentusque</span> <span class='ocrx_word' id='word_1_37' title='bbox 893 770 1011 827; x_wconf 83' lang='lat' dir='ltr'>illic</span> <span class='ocrx_word' id='word_1_38' title='bbox 1063 785 1263 827; x_wconf 88' lang='lat' dir='ltr'>veneto</span> <span class='ocrx_word' id='word_1_39' title='bbox 1292 772 1545 844; x_wconf 90' lang='lat' dir='ltr'>duroque</span> <span class='ocrx_word' id='word_1_40' title='bbox 1575 771 1804 828; x_wconf 88' lang='lat' dir='ltr'>culu110.</span> 
     </span>
    </p>

    <p class='ocr_par' dir='ltr' id='par_1_3' title="bbox 426 848 2156 1531">
     <span class='ocr_line' id='line_1_8' title="bbox 512 848 2156 923; baseline -0.001 -17"><span class='ocrx_word' id='word_1_41' title='bbox 512 850 650 906; x_wconf 90' lang='lat' dir='ltr'>Pars</span> <span class='ocrx_word' id='word_1_42' title='bbox 678 868 884 923; x_wconf 91' lang='lat' dir='ltr'>magna</span> <span class='ocrx_word' id='word_1_43' title='bbox 913 849 1091 905; x_wconf 86' lang='lat' dir='ltr'>Italiae</span> <span class='ocrx_word' id='word_1_44' title='bbox 1121 862 1225 920; x_wconf 87' lang='lat' dir='ltr'>est,</span> <span class='ocrx_word' id='word_1_45' title='bbox 1255 850 1301 906; x_wconf 90' lang='lat' dir='ltr'>si</span> <span class='ocrx_word' id='word_1_46' title='bbox 1331 868 1524 906; x_wconf 87' lang='lat' dir='ltr'>verum</span> <span class='ocrx_word' id='word_1_47' title='bbox 1556 850 1925 921; x_wconf 76' lang='lat' dir='ltr'>admittimUS,</span> <span class='ocrx_word' id='word_1_48' title='bbox 1955 849 2014 905; x_wconf 91' lang='lat' dir='ltr'>in</span> <span class='ocrx_word' id='word_1_49' title='bbox 2043 848 2156 923; x_wconf 72' lang='lat' dir='ltr'>quii</span> 
     </span>
     <span class='ocr_line' id='line_1_9' title="bbox 433 926 1960 1002; baseline 0.001 -19"><span class='ocrx_word' id='word_1_50' title='bbox 433 927 624 985; x_wconf 91' lang='lat' dir='ltr'>Nemo</span> <span class='ocrx_word' id='word_1_51' title='bbox 652 938 841 1002; x_wconf 86' lang='lat' dir='ltr'>togam</span> <span class='ocrx_word' id='word_1_52' title='bbox 870 928 1059 998; x_wconf 89' lang='lat' dir='ltr'>sumit,</span> <span class='ocrx_word' id='word_1_53' title='bbox 1089 929 1199 984; x_wconf 91' lang='lat' dir='ltr'>nisi</span> <span class='ocrx_word' id='word_1_54' title='bbox 1228 939 1498 984; x_wconf 79' lang='lat' dir='ltr'>mortuus,</span> <span class='ocrx_word' id='word_1_55' title='bbox 1582 926 1714 1002; x_wconf 91' lang='lat' dir='ltr'>Ipsa</span> <span class='ocrx_word' id='word_1_56' title='bbox 1743 928 1960 984; x_wconf 91' lang='lat' dir='ltr'>dierum</span> 
     </span>
     <span class='ocr_line' id='line_1_10' title="bbox 433 1006 1814 1080; baseline 0.002 -19"><span class='ocrx_word' id='word_1_57' title='bbox 433 1006 735 1063; x_wconf 89' lang='lat' dir='ltr'>Festorum</span> <span class='ocrx_word' id='word_1_58' title='bbox 765 1007 1004 1062; x_wconf 88' lang='lat' dir='ltr'>herboso</span> <span class='ocrx_word' id='word_1_59' title='bbox 1033 1007 1235 1063; x_wconf 89' lang='lat' dir='ltr'>colitur</span> <span class='ocrx_word' id='word_1_60' title='bbox 1264 1007 1312 1062; x_wconf 92' lang='lat' dir='ltr'>si</span> <span class='ocrx_word' id='word_1_61' title='bbox 1340 1007 1567 1080; x_wconf 91' lang='lat' dir='ltr'>quando</span> <span class='ocrx_word' id='word_1_62' title='bbox 1596 1007 1814 1064; x_wconf 87' lang='lat' dir='ltr'>theatro</span> 
     </span>
     <span class='ocr_line' id='line_1_11' title="bbox 432 1082 1839 1158; baseline 0.002 -20"><span class='ocrx_word' id='word_1_63' title='bbox 432 1082 722 1158; x_wconf 82' lang='lat' dir='ltr'>MajestaS,</span> <span class='ocrx_word' id='word_1_64' title='bbox 752 1086 1093 1157; x_wconf 83' lang='lat' dir='ltr'>tandemque</span> <span class='ocrx_word' id='word_1_65' title='bbox 1121 1085 1269 1140; x_wconf 89' lang='lat' dir='ltr'>redit</span> <span class='ocrx_word' id='word_1_66' title='bbox 1299 1085 1369 1139; x_wconf 88' lang='lat' dir='ltr'>ad</span> <span class='ocrx_word' id='word_1_67' title='bbox 1398 1085 1614 1158; x_wconf 91' lang='lat' dir='ltr'>pulpita</span> <span class='ocrx_word' id='word_1_68' title='bbox 1642 1096 1839 1141; x_wconf 91' lang='lat' dir='ltr'>notum</span> 
     </span>
     <span class='ocr_line' id='line_1_12' title="bbox 431 1161 1775 1236; baseline 0 -19"><span class='ocrx_word' id='word_1_69' title='bbox 431 1161 735 1232; x_wconf 87' lang='lat' dir='ltr'>Exodium,</span> <span class='ocrx_word' id='word_1_70' title='bbox 765 1180 938 1235; x_wconf 92' lang='lat' dir='ltr'>quum</span> <span class='ocrx_word' id='word_1_71' title='bbox 967 1181 1222 1236; x_wconf 62' lang='lat' dir='ltr'>personae</span> <span class='ocrx_word' id='word_1_72' title='bbox 1263 1161 1527 1234; x_wconf 88' lang='lat' dir='ltr'>pallentis</span> <span class='ocrx_word' id='word_1_73' title='bbox 1557 1161 1775 1217; x_wconf 89' lang='lat' dir='ltr'>hiatum</span> 
     </span>
     <span class='ocr_line' id='line_1_13' title="bbox 430 1239 1790 1314; baseline -0.001 -19"><span class='ocrx_word' id='word_1_74' title='bbox 430 1239 501 1295; x_wconf 92' lang='lat' dir='ltr'>In</span> <span class='ocrx_word' id='word_1_75' title='bbox 530 1240 747 1314; x_wconf 90' lang='lat' dir='ltr'>gremio</span> <span class='ocrx_word' id='word_1_76' title='bbox 775 1240 969 1295; x_wconf 86' lang='lat' dir='ltr'>matris</span> <span class='ocrx_word' id='word_1_77' title='bbox 1000 1239 1261 1295; x_wconf 89' lang='lat' dir='ltr'>formidat</span> <span class='ocrx_word' id='word_1_78' title='bbox 1288 1239 1535 1294; x_wconf 87' lang='lat' dir='ltr'>rusticus</span> <span class='ocrx_word' id='word_1_79' title='bbox 1564 1239 1752 1294; x_wconf 88' lang='lat' dir='ltr'>infans</span> <span class='ocrx_word' id='word_1_80' title='bbox 1775 1255 1790 1303; x_wconf 90' lang='lat'>;</span> 
     </span>
     <span class='ocr_line' id='line_1_14' title="bbox 431 1316 1727 1391; baseline -0.001 -18"><span class='ocrx_word' id='word_1_81' title='bbox 431 1318 707 1391; x_wconf 87' lang='lat' dir='ltr'>AEquales</span> <span class='ocrx_word' id='word_1_82' title='bbox 735 1316 964 1373; x_wconf 90' lang='lat' dir='ltr'>habitus</span> <span class='ocrx_word' id='word_1_83' title='bbox 992 1316 1130 1388; x_wconf 84' lang='lat' dir='ltr'>illic,</span> <span class='ocrx_word' id='word_1_84' title='bbox 1161 1317 1481 1391; x_wconf 87' lang='lat' dir='ltr'>similesque</span> <span class='ocrx_word' id='word_1_85' title='bbox 1509 1317 1727 1372; x_wconf 88' lang='lat' dir='ltr'>videbis</span> 
     </span>
     <span class='ocr_line' id='line_1_15' title="bbox 426 1394 1968 1470; baseline 0.002 -20"><span class='ocrx_word' id='word_1_86' title='bbox 426 1394 799 1453; x_wconf 89' lang='lat' dir='ltr'>Orchestram</span> <span class='ocrx_word' id='word_1_87' title='bbox 826 1405 884 1451; x_wconf 89' lang='lat' dir='ltr'>et</span> <span class='ocrx_word' id='word_1_88' title='bbox 910 1395 1179 1470; x_wconf 90' lang='lat' dir='ltr'>populum</span> <span class='ocrx_word' id='word_1_89' title='bbox 1207 1413 1219 1451; x_wconf 75' lang='grc' dir='ltr'><strong><em>ε</em></strong></span> <span class='ocrx_word' id='word_1_90' title='bbox 1263 1395 1402 1451; x_wconf 91' lang='lat' dir='ltr'>clari</span> <span class='ocrx_word' id='word_1_91' title='bbox 1429 1396 1687 1452; x_wconf 90' lang='lat' dir='ltr'>velamen</span> <span class='ocrx_word' id='word_1_92' title='bbox 1717 1395 1968 1468; x_wconf 79' lang='lat' dir='ltr'>honoriS,</span> 
     </span>
     <span class='ocr_line' id='line_1_16' title="bbox 427 1473 1705 1531; baseline 0.001 -2"><span class='ocrx_word' id='word_1_93' title='bbox 427 1474 736 1531; x_wconf 89' lang='lat' dir='ltr'>Sufficiunt</span> <span class='ocrx_word' id='word_1_94' title='bbox 761 1473 971 1530; x_wconf 83' lang='lat' dir='ltr'>tunicae</span> <span class='ocrx_word' id='word_1_95' title='bbox 998 1473 1232 1529; x_wconf 88' lang='lat' dir='ltr'>summis</span> <span class='ocrx_word' id='word_1_96' title='bbox 1261 1474 1520 1531; x_wconf 83' lang='lat' dir='ltr'>aedilibus</span> <span class='ocrx_word' id='word_1_97' title='bbox 1547 1474 1705 1530; x_wconf 86' lang='lat' dir='ltr'>albae.</span> 
     </span>
    </p>

    <p class='ocr_par' dir='ltr' id='par_1_4' title="bbox 428 1550 1909 1628">
     <span class='ocr_line' id='line_1_17' title="bbox 428 1550 1909 1628; baseline -0.001 -20"><span class='ocrx_word' id='word_1_98' title='bbox 428 1550 547 1608; x_wconf 78' lang='lat' dir='ltr'>Hic</span> <span class='ocrx_word' id='word_1_99' title='bbox 574 1552 719 1608; x_wconf 91' lang='lat' dir='ltr'>ultra</span> <span class='ocrx_word' id='word_1_100' title='bbox 746 1552 892 1608; x_wconf 88' lang='lat' dir='ltr'>vires</span> <span class='ocrx_word' id='word_1_101' title='bbox 920 1551 1146 1609; x_wconf 72' lang='lat' dir='ltr'>habitus</span> <span class='ocrx_word' id='word_1_102' title='bbox 1175 1552 1354 1610; x_wconf 78' lang='lat' dir='ltr'>nitor:</span> <span class='ocrx_word' id='word_1_103' title='bbox 1398 1552 1496 1609; x_wconf 81' lang='lat' dir='ltr'>liic</span> <span class='ocrx_word' id='word_1_104' title='bbox 1524 1551 1735 1626; x_wconf 89' lang='lat' dir='ltr'>aliquid</span> <span class='ocrx_word' id='word_1_105' title='bbox 1763 1551 1909 1628; x_wconf 89' lang='lat' dir='ltr'>plus,</span> 
     </span>
    </p>

    <p class='ocr_par' dir='ltr' id='par_1_5' title="bbox 402 1627 2162 2020">
     <span class='ocr_line' id='line_1_18' title="bbox 425 1627 1901 1701; baseline -0.002 -12"><span class='ocrx_word' id='word_1_106' title='bbox 425 1628 625 1690; x_wconf 69' lang='lat' dir='ltr'>Quam</span> <span class='ocrx_word' id='word_1_107' title='bbox 656 1627 793 1687; x_wconf 77' lang='lat' dir='ltr'>satis</span> <span class='ocrx_word' id='word_1_108' title='bbox 818 1639 924 1701; x_wconf 91' lang='lat' dir='ltr'>est,</span> <span class='ocrx_word' id='word_1_109' title='bbox 954 1629 1239 1691; x_wconf 87' lang='lat' dir='ltr'>interdum</span> <span class='ocrx_word' id='word_1_110' title='bbox 1267 1630 1456 1687; x_wconf 66' lang='lat' dir='ltr'>aliena</span> <span class='ocrx_word' id='word_1_111' title='bbox 1483 1631 1722 1687; x_wconf 88' lang='lat' dir='ltr'>sumitur</span> <span class='ocrx_word' id='word_1_112' title='bbox 1750 1631 1901 1687; x_wconf 71' lang='lat' dir='ltr'>arca.</span> 
     </span>
     <span class='ocr_line' id='line_1_19' title="bbox 425 1708 1988 1767; baseline -0.001 -2"><span class='ocrx_word' id='word_1_113' title='bbox 425 1709 747 1765; x_wconf 87' lang='lat' dir='ltr'>Commune</span> <span class='ocrx_word' id='word_1_114' title='bbox 776 1708 834 1766; x_wconf 93' lang='lat' dir='ltr'>id</span> <span class='ocrx_word' id='word_1_115' title='bbox 864 1709 1058 1767; x_wconf 90' lang='lat' dir='ltr'>vitium</span> <span class='ocrx_word' id='word_1_116' title='bbox 1086 1719 1188 1765; x_wconf 88' lang='lat' dir='ltr'>est.</span> <span class='ocrx_word' id='word_1_117' title='bbox 1273 1708 1393 1765; x_wconf 80' lang='lat' dir='ltr'>Hic</span> <span class='ocrx_word' id='word_1_118' title='bbox 1423 1709 1661 1765; x_wconf 88' lang='lat' dir='ltr'>vivimus</span> <span class='ocrx_word' id='word_1_119' title='bbox 1689 1708 1988 1765; x_wconf 72' lang='lat' dir='ltr'>ambitiosa</span> 
     </span>
     <span class='ocr_line' id='line_1_20' title="bbox 425 1786 2085 1862; baseline -0.001 -19"><span class='ocrx_word' id='word_1_120' title='bbox 425 1786 766 1862; x_wconf 85' lang='lat' dir='ltr'>Paupertate</span> <span class='ocrx_word' id='word_1_121' title='bbox 794 1806 1011 1845; x_wconf 82' lang='lat' dir='ltr'>omneS.</span> <span class='ocrx_word' id='word_1_122' title='bbox 1092 1788 1255 1849; x_wconf 81' lang='lat' dir='ltr'>Quid</span> <span class='ocrx_word' id='word_1_123' title='bbox 1283 1798 1340 1844; x_wconf 91' lang='lat' dir='ltr'>te</span> <span class='ocrx_word' id='word_1_124' title='bbox 1368 1789 1594 1845; x_wconf 77' lang='lat' dir='ltr'>moror&#39;l</span> <span class='ocrx_word' id='word_1_125' title='bbox 1636 1786 1850 1844; x_wconf 89' lang='lat' dir='ltr'>Omnia</span> <span class='ocrx_word' id='word_1_126' title='bbox 1878 1788 2085 1845; x_wconf 84' lang='lat' dir='ltr'>Romae</span> 
     </span>
     <span class='ocr_line' id='line_1_21' title="bbox 402 1865 2162 1942; baseline 0 -20"><span class='ocrx_word' id='word_1_127' title='bbox 402 1866 574 1922; x_wconf 82' lang='lat' dir='ltr'>&#39;Cum</span> <span class='ocrx_word' id='word_1_128' title='bbox 603 1867 797 1942; x_wconf 90' lang='lat' dir='ltr'>pretio.</span> <span class='ocrx_word' id='word_1_129' title='bbox 878 1866 1043 1928; x_wconf 78' lang='lat' dir='ltr'>Quid</span> <span class='ocrx_word' id='word_1_130' title='bbox 1066 1868 1188 1937; x_wconf 82' lang='lat' dir='ltr'>daS,</span> <span class='ocrx_word' id='word_1_131' title='bbox 1218 1878 1281 1924; x_wconf 91' lang='lat' dir='ltr'>ut</span> <span class='ocrx_word' id='word_1_132' title='bbox 1310 1867 1552 1923; x_wconf 89' lang='lat' dir='ltr'>Cossum</span> <span class='ocrx_word' id='word_1_133' title='bbox 1582 1866 1883 1941; x_wconf 90' lang='lat' dir='ltr'>aliquando</span> <span class='ocrx_word' id='word_1_134' title='bbox 1912 1865 2162 1922; x_wconf 65' lang='lat' dir='ltr'>salutes?</span> 
     </span>
     <span class='ocr_line' id='line_1_22' title="bbox 421 1944 1653 2020; baseline 0.001 -20"><span class='ocrx_word' id='word_1_135' title='bbox 421 1944 500 2001; x_wconf 94' lang='lat' dir='ltr'>Ut</span> <span class='ocrx_word' id='word_1_136' title='bbox 528 1955 583 2001; x_wconf 91' lang='lat' dir='ltr'>te</span> <span class='ocrx_word' id='word_1_137' title='bbox 614 1945 884 2020; x_wconf 80' lang='lat' dir='ltr'>respiciat</span> <span class='ocrx_word' id='word_1_138' title='bbox 911 1946 1106 2003; x_wconf 89' lang='lat' dir='ltr'>clauso</span> <span class='ocrx_word' id='word_1_139' title='bbox 1135 1946 1380 2002; x_wconf 90' lang='lat' dir='ltr'>Veiento</span> <span class='ocrx_word' id='word_1_140' title='bbox 1407 1945 1653 2002; x_wconf 65' lang='lat' dir='ltr'>labello?</span> 
     </span>
    </p>

    <p class='ocr_par' dir='ltr' id='par_1_6' title="bbox 424 2022 1841 2097">
     <span class='ocr_line' id='line_1_23' title="bbox 424 2022 1841 2097; baseline -0.001 -19"><span class='ocrx_word' id='word_1_141' title='bbox 424 2023 528 2078; x_wconf 89' lang='lat' dir='ltr'>Ille</span> <span class='ocrx_word' id='word_1_142' title='bbox 559 2024 717 2080; x_wconf 91' lang='lat' dir='ltr'>metit</span> <span class='ocrx_word' id='word_1_143' title='bbox 746 2025 996 2096; x_wconf 87' lang='lat' dir='ltr'>barbam,</span> <span class='ocrx_word' id='word_1_144' title='bbox 1027 2025 1241 2080; x_wconf 89' lang='lat' dir='ltr'>crinem</span> <span class='ocrx_word' id='word_1_145' title='bbox 1275 2024 1369 2079; x_wconf 89' lang='lat' dir='ltr'>hic</span> <span class='ocrx_word' id='word_1_146' title='bbox 1402 2024 1634 2097; x_wconf 90' lang='lat' dir='ltr'>deponit</span> <span class='ocrx_word' id='word_1_147' title='bbox 1656 2022 1841 2077; x_wconf 89' lang='lat' dir='ltr'>amati.</span> 
     </span>
    </p>

    <p class='ocr_par' dir='ltr' id='par_1_7' title="bbox 420 2099 1938 2334">
     <span class='ocr_line' id='line_1_24' title="bbox 422 2099 1919 2174; baseline -0.003 -16"><span class='ocrx_word' id='word_1_148' title='bbox 422 2102 599 2158; x_wconf 91' lang='lat' dir='ltr'>Plena</span> <span class='ocrx_word' id='word_1_149' title='bbox 627 2103 829 2159; x_wconf 91' lang='lat' dir='ltr'>domus</span> <span class='ocrx_word' id='word_1_150' title='bbox 857 2104 986 2159; x_wconf 90' lang='lat' dir='ltr'>libis</span> <span class='ocrx_word' id='word_1_151' title='bbox 1014 2102 1327 2158; x_wconf 66' lang='lat' dir='ltr'>venalibus</span> <span class='ocrx_word' id='word_1_152' title='bbox 1413 2101 1654 2174; x_wconf 82' lang='lat' dir='ltr'>Accipe,</span> <span class='ocrx_word' id='word_1_153' title='bbox 1684 2110 1740 2155; x_wconf 91' lang='lat' dir='ltr'>et</span> <span class='ocrx_word' id='word_1_154' title='bbox 1769 2099 1919 2155; x_wconf 89' lang='lat' dir='ltr'>istud</span> 
     </span>
     <span class='ocr_line' id='line_1_25' title="bbox 422 2178 1938 2254; baseline -0.002 -18"><span class='ocrx_word' id='word_1_155' title='bbox 422 2180 791 2238; x_wconf 90' lang='lat' dir='ltr'>Fermentum</span> <span class='ocrx_word' id='word_1_156' title='bbox 821 2182 921 2238; x_wconf 91' lang='lat' dir='ltr'>tibi</span> <span class='ocrx_word' id='word_1_157' title='bbox 954 2180 1125 2237; x_wconf 87' lang='lat' dir='ltr'>habe:</span> <span class='ocrx_word' id='word_1_158' title='bbox 1158 2190 1432 2254; x_wconf 78' lang='lat' dir='ltr'>,praestare</span> <span class='ocrx_word' id='word_1_159' title='bbox 1462 2178 1671 2234; x_wconf 91' lang='lat' dir='ltr'>tributa</span> <span class='ocrx_word' id='word_1_160' title='bbox 1701 2178 1938 2233; x_wconf 88' lang='lat' dir='ltr'>clientes</span> 
     </span>
     <span class='ocr_line' id='line_1_26' title="bbox 420 2257 1718 2334; baseline -0.002 -19"><span class='ocrx_word' id='word_1_161' title='bbox 420 2260 715 2333; x_wconf 87' lang='lat' dir='ltr'>Cogimur,</span> <span class='ocrx_word' id='word_1_162' title='bbox 745 2271 803 2317; x_wconf 90' lang='lat' dir='ltr'>et</span> <span class='ocrx_word' id='word_1_163' title='bbox 830 2261 998 2317; x_wconf 89' lang='lat' dir='ltr'>cultis</span> <span class='ocrx_word' id='word_1_164' title='bbox 1027 2278 1236 2334; x_wconf 89' lang='lat' dir='ltr'>augere</span> <span class='ocrx_word' id='word_1_165' title='bbox 1265 2257 1490 2333; x_wconf 88' lang='lat' dir='ltr'>peculia</span> <span class='ocrx_word' id='word_1_166' title='bbox 1526 2257 1718 2313; x_wconf 79' lang='lat' dir='ltr'>servis,</span> 
     </span>
    </p>

    <p class='ocr_par' dir='ltr' id='par_1_8' title="bbox 416 2334 2005 2800">
     <span class='ocr_line' id='line_1_27' title="bbox 496 2334 2005 2411; baseline -0.002 -18"><span class='ocrx_word' id='word_1_167' title='bbox 496 2338 649 2400; x_wconf 74' lang='lat' dir='ltr'>Quis</span> <span class='ocrx_word' id='word_1_168' title='bbox 678 2340 857 2410; x_wconf 92' lang='lat' dir='ltr'>timet,</span> <span class='ocrx_word' id='word_1_169' title='bbox 887 2350 985 2395; x_wconf 85' lang='lat' dir='ltr'>aut</span> <span class='ocrx_word' id='word_1_170' title='bbox 1012 2338 1199 2395; x_wconf 90' lang='lat' dir='ltr'>timuit</span> <span class='ocrx_word' id='word_1_171' title='bbox 1226 2337 1415 2411; x_wconf 73' lang='lat' dir='ltr'>gelida</span> <span class='ocrx_word' id='word_1_172' title='bbox 1446 2336 1732 2392; x_wconf 82' lang='lat' dir='ltr'>Praeneste</span> <span class='ocrx_word' id='word_1_173' title='bbox 1760 2334 2005 2407; x_wconf 90' lang='lat' dir='ltr'>ruinam,</span> 
     </span>
     <span class='ocr_line' id='line_1_28' title="bbox 420 2414 1863 2491; baseline -0.001 -20"><span class='ocrx_word' id='word_1_174' title='bbox 420 2417 539 2472; x_wconf 91' lang='lat' dir='ltr'>Aut</span> <span class='ocrx_word' id='word_1_175' title='bbox 565 2417 760 2491; x_wconf 89' lang='lat' dir='ltr'>positis</span> <span class='ocrx_word' id='word_1_176' title='bbox 789 2435 1085 2474; x_wconf 87' lang='lat' dir='ltr'>nemorosa</span> <span class='ocrx_word' id='word_1_177' title='bbox 1107 2417 1252 2472; x_wconf 90' lang='lat' dir='ltr'>inter</span> <span class='ocrx_word' id='word_1_178' title='bbox 1279 2416 1417 2490; x_wconf 88' lang='lat' dir='ltr'>juga</span> <span class='ocrx_word' id='word_1_179' title='bbox 1443 2414 1737 2486; x_wconf 90' lang='lat' dir='ltr'>Volsiniis,</span> <span class='ocrx_word' id='word_1_180' title='bbox 1766 2424 1863 2470; x_wconf 89' lang='lat' dir='ltr'>aut</span> 
     </span>
     <span class='ocr_line' id='line_1_29' title="bbox 419 2492 1812 2569; baseline 0.001 -21"><span class='ocrx_word' id='word_1_181' title='bbox 419 2494 787 2569; x_wconf 88' lang='lat' dir='ltr'>Simplicibus</span> <span class='ocrx_word' id='word_1_182' title='bbox 812 2494 1030 2563; x_wconf 84' lang='lat' dir='ltr'>Gabiis,</span> <span class='ocrx_word' id='word_1_183' title='bbox 1061 2505 1158 2549; x_wconf 89' lang='lat' dir='ltr'>aut</span> <span class='ocrx_word' id='word_1_184' title='bbox 1184 2493 1347 2567; x_wconf 89' lang='lat' dir='ltr'>proni</span> <span class='ocrx_word' id='word_1_185' title='bbox 1377 2492 1616 2549; x_wconf 89' lang='lat' dir='ltr'>Tiburis</span> <span class='ocrx_word' id='word_1_186' title='bbox 1642 2494 1812 2549; x_wconf 75' lang='lat' dir='ltr'>arce&#39;l</span> 
     </span>
     <span class='ocr_line' id='line_1_30' title="bbox 416 2569 1704 2629; baseline -0.002 -2"><span class='ocrx_word' id='word_1_187' title='bbox 416 2571 541 2628; x_wconf 93' lang='lat' dir='ltr'>Nos</span> <span class='ocrx_word' id='word_1_188' title='bbox 572 2573 768 2629; x_wconf 89' lang='lat' dir='ltr'>urbem</span> <span class='ocrx_word' id='word_1_189' title='bbox 797 2572 1036 2628; x_wconf 81' lang='lat' dir='ltr'>colimus</span> <span class='ocrx_word' id='word_1_190' title='bbox 1058 2571 1216 2627; x_wconf 88' lang='lat' dir='ltr'>tenui</span> <span class='ocrx_word' id='word_1_191' title='bbox 1244 2569 1480 2626; x_wconf 91' lang='lat' dir='ltr'>tibicine</span> <span class='ocrx_word' id='word_1_192' title='bbox 1510 2570 1704 2626; x_wconf 87' lang='lat' dir='ltr'>fultam</span> 
     </span>
     <span class='ocr_line' id='line_1_31' title="bbox 416 2647 1864 2725; baseline -0.001 -18"><span class='ocrx_word' id='word_1_193' title='bbox 416 2649 634 2724; x_wconf 72' lang='lat' dir='ltr'>Magna</span> <span class='ocrx_word' id='word_1_194' title='bbox 660 2661 818 2725; x_wconf 89' lang='lat' dir='ltr'>parte</span> <span class='ocrx_word' id='word_1_195' title='bbox 848 2649 951 2704; x_wconf 90' lang='lat' dir='ltr'>sui.</span> <span class='ocrx_word' id='word_1_196' title='bbox 1036 2649 1189 2704; x_wconf 91' lang='lat' dir='ltr'>Nam</span> <span class='ocrx_word' id='word_1_197' title='bbox 1217 2649 1303 2703; x_wconf 90' lang='lat' dir='ltr'>sic</span> <span class='ocrx_word' id='word_1_198' title='bbox 1330 2648 1650 2703; x_wconf 82' lang='lat' dir='ltr'>labentibus</span> <span class='ocrx_word' id='word_1_199' title='bbox 1676 2647 1864 2705; x_wconf 89' lang='lat' dir='ltr'>obstat</span> 
     </span>
     <span class='ocr_line' id='line_1_32' title="bbox 418 2724 1824 2800; baseline -0.003 -17"><span class='ocrx_word' id='word_1_200' title='bbox 418 2725 676 2800; x_wconf 77' lang='lat' dir='ltr'>villicus,</span> <span class='ocrx_word' id='word_1_201' title='bbox 704 2739 763 2784; x_wconf 91' lang='lat' dir='ltr'>et</span> <span class='ocrx_word' id='word_1_202' title='bbox 792 2727 996 2783; x_wconf 89' lang='lat' dir='ltr'>veteris</span> <span class='ocrx_word' id='word_1_203' title='bbox 1023 2728 1179 2783; x_wconf 83' lang='lat' dir='ltr'>rimae</span> <span class='ocrx_word' id='word_1_204' title='bbox 1205 2744 1381 2799; x_wconf 91' lang='lat' dir='ltr'>quum</span> <span class='ocrx_word' id='word_1_205' title='bbox 1409 2726 1554 2782; x_wconf 85' lang='lat' dir='ltr'>texit</span> <span class='ocrx_word' id='word_1_206' title='bbox 1582 2724 1824 2796; x_wconf 90' lang='lat' dir='ltr'>hiatum,</span> 
     </span>
    </p>

    <p class='ocr_par' dir='ltr' id='par_1_9' title="bbox 415 2804 1647 2880">
     <span class='ocr_line' id='line_1_33' title="bbox 415 2804 1647 2880; baseline -0.002 -18"><span class='ocrx_word' id='word_1_207' title='bbox 415 2807 661 2863; x_wconf 91' lang='lat' dir='ltr'>Securos</span> <span class='ocrx_word' id='word_1_208' title='bbox 688 2806 975 2880; x_wconf 85' lang='lat' dir='ltr'>pendente</span> <span class='ocrx_word' id='word_1_209' title='bbox 998 2805 1161 2879; x_wconf 87' lang='lat' dir='ltr'>jubet</span> <span class='ocrx_word' id='word_1_210' title='bbox 1188 2804 1433 2860; x_wconf 89' lang='lat' dir='ltr'>dormire</span> <span class='ocrx_word' id='word_1_211' title='bbox 1462 2804 1647 2860; x_wconf 71' lang='lat' dir='ltr'>ruina.</span> 
     </span>
    </p>

    <p class='ocr_par' dir='ltr' id='par_1_10' title="bbox 412 2881 1814 2953">
     <span class='ocr_line' id='line_1_34' title="bbox 412 2881 1814 2953; baseline -0.004 -12"><span class='ocrx_word' id='word_1_212' title='bbox 412 2885 737 2941; x_wconf 89' lang='lat' dir='ltr'>Vivendum</span> <span class='ocrx_word' id='word_1_213' title='bbox 768 2895 854 2940; x_wconf 92' lang='lat' dir='ltr'>est</span> <span class='ocrx_word' id='word_1_214' title='bbox 882 2881 1020 2953; x_wconf 81' lang='lat' dir='ltr'>illic,</span> <span class='ocrx_word' id='word_1_215' title='bbox 1050 2882 1147 2937; x_wconf 92' lang='lat' dir='ltr'>ubi</span> <span class='ocrx_word' id='word_1_216' title='bbox 1177 2882 1334 2938; x_wconf 87' lang='lat' dir='ltr'>nulla</span> <span class='ocrx_word' id='word_1_217' title='bbox 1362 2881 1650 2953; x_wconf 90' lang='lat' dir='ltr'>incendia,</span> <span class='ocrx_word' id='word_1_218' title='bbox 1673 2882 1814 2937; x_wconf 90' lang='lat' dir='ltr'>nulli</span> 
     </span>
    </p>

    <p class='ocr_par' dir='ltr' id='par_1_11' title="bbox 410 2959 2163 3117">
     <span class='ocr_line' id='line_1_35' title="bbox 411 2959 2163 3035; baseline -0.002 -16"><span class='ocrx_word' id='word_1_219' title='bbox 411 2961 601 3019; x_wconf 92' lang='lat' dir='ltr'>Nocte</span> <span class='ocrx_word' id='word_1_220' title='bbox 627 2971 828 3018; x_wconf 81' lang='lat' dir='ltr'>metus,</span> <span class='ocrx_word' id='word_1_221' title='bbox 912 2960 948 3015; x_wconf 91' lang='lat' dir='ltr'><strong>J</strong></span> <span class='ocrx_word' id='word_1_222' title='bbox 953 2980 1043 3016; x_wconf 91' lang='lat' dir='ltr'>am</span> <span class='ocrx_word' id='word_1_223' title='bbox 1071 2960 1255 3035; x_wconf 89' lang='lat' dir='ltr'>poscit</span> <span class='ocrx_word' id='word_1_224' title='bbox 1285 2978 1508 3033; x_wconf 87' lang='lat' dir='ltr'>aquam,</span> <span class='ocrx_word' id='word_1_225' title='bbox 1532 2960 1651 3035; x_wconf 91' lang='lat' dir='ltr'>jam</span> <span class='ocrx_word' id='word_1_226' title='bbox 1678 2959 1873 3016; x_wconf 85' lang='lat' dir='ltr'>frivola</span> <span class='ocrx_word' id='word_1_227' title='bbox 1899 2959 2163 3018; x_wconf 82' lang='lat' dir='ltr'>transfert</span> 
     </span>
     <span class='ocr_line' id='line_1_36' title="bbox 410 3039 1791 3117; baseline -0.004 -18"><span class='ocrx_word' id='word_1_228' title='bbox 410 3041 702 3117; x_wconf 87' lang='lat' dir='ltr'>Ucalegon</span> <span class='ocrx_word' id='word_1_229' title='bbox 725 3063 740 3113; x_wconf 83' lang='lat'><em>3</em></span> <span class='ocrx_word' id='word_1_230' title='bbox 784 3039 1035 3097; x_wconf 86' lang='lat' dir='ltr'>tabulata</span> <span class='ocrx_word' id='word_1_231' title='bbox 1061 3039 1163 3095; x_wconf 90' lang='lat' dir='ltr'>tibi</span> <span class='ocrx_word' id='word_1_232' title='bbox 1200 3039 1319 3114; x_wconf 91' lang='lat' dir='ltr'>jam</span> <span class='ocrx_word' id='word_1_233' title='bbox 1347 3039 1512 3095; x_wconf 91' lang='lat' dir='ltr'>tertia</span> <span class='ocrx_word' id='word_1_234' title='bbox 1540 3039 1791 3095; x_wconf 83' lang='lat' dir='ltr'>sumant:</span> 
     </span>
    </p>

    <p class='ocr_par' dir='ltr' id='par_1_12' title="bbox 408 3118 1960 3272">
     <span class='ocr_line' id='line_1_37' title="bbox 409 3118 1960 3193; baseline -0.003 -15"><span class='ocrx_word' id='word_1_235' title='bbox 409 3121 507 3177; x_wconf 90' lang='lat' dir='ltr'>Tu</span> <span class='ocrx_word' id='word_1_236' title='bbox 536 3120 743 3178; x_wconf 72' lang='lat' dir='ltr'>nescis</span> <span class='ocrx_word' id='word_1_237' title='bbox 827 3118 980 3175; x_wconf 87' lang='lat' dir='ltr'>Nam</span> <span class='ocrx_word' id='word_1_238' title='bbox 1008 3118 1057 3175; x_wconf 91' lang='lat' dir='ltr'>si</span> <span class='ocrx_word' id='word_1_239' title='bbox 1084 3118 1356 3193; x_wconf 88' lang='lat' dir='ltr'>gradibus</span> <span class='ocrx_word' id='word_1_240' title='bbox 1383 3118 1690 3192; x_wconf 87' lang='lat' dir='ltr'>trepidatur</span> <span class='ocrx_word' id='word_1_241' title='bbox 1720 3119 1791 3174; x_wconf 90' lang='lat' dir='ltr'>ab</span> <span class='ocrx_word' id='word_1_242' title='bbox 1813 3118 1960 3189; x_wconf 84' lang='lat' dir='ltr'>imis,</span> 
     </span>
     <span class='ocr_line' id='line_1_38' title="bbox 408 3196 1706 3272; baseline -0.002 -17"><span class='ocrx_word' id='word_1_243' title='bbox 408 3199 655 3257; x_wconf 88' lang='lat' dir='ltr'>Ultimus</span> <span class='ocrx_word' id='word_1_244' title='bbox 684 3198 922 3269; x_wconf 90' lang='lat' dir='ltr'>ardebit,</span> <span class='ocrx_word' id='word_1_245' title='bbox 950 3216 1120 3272; x_wconf 88' lang='lat' dir='ltr'>quem</span> <span class='ocrx_word' id='word_1_246' title='bbox 1147 3197 1345 3271; x_wconf 89' lang='lat' dir='ltr'>tegula</span> <span class='ocrx_word' id='word_1_247' title='bbox 1372 3196 1491 3254; x_wconf 91' lang='lat' dir='ltr'>sola</span> <span class='ocrx_word' id='word_1_248' title='bbox 1518 3208 1706 3254; x_wconf 89' lang='lat' dir='ltr'>tuetur</span> 
     </span>
    </p>

    <p class='ocr_par' dir='ltr' id='par_1_13' title="bbox 409 3276 1784 3351">
     <span class='ocr_line' id='line_1_39' title="bbox 409 3276 1784 3351; baseline -0.004 -18"><span class='ocrx_word' id='word_1_249' title='bbox 409 3278 467 3333; x_wconf 92' lang='lat' dir='ltr'><strong>A</strong></span> <span class='ocrx_word' id='word_1_250' title='bbox 493 3277 704 3351; x_wconf 69' lang='lat' dir='ltr'>pluvia,</span> <span class='ocrx_word' id='word_1_251' title='bbox 734 3278 932 3334; x_wconf 91' lang='lat' dir='ltr'>molles</span> <span class='ocrx_word' id='word_1_252' title='bbox 960 3276 1057 3333; x_wconf 89' lang='lat' dir='ltr'>ubi</span> <span class='ocrx_word' id='word_1_253' title='bbox 1086 3277 1333 3332; x_wconf 91' lang='lat' dir='ltr'>reddunt</span> <span class='ocrx_word' id='word_1_254' title='bbox 1359 3295 1465 3331; x_wconf 92' lang='lat' dir='ltr'>ova</span> <span class='ocrx_word' id='word_1_255' title='bbox 1488 3276 1784 3331; x_wconf 87' lang='lat' dir='ltr'>columbae.</span> 
     </span>
    </p>

    <p class='ocr_par' dir='ltr' id='par_1_14' title="bbox 407 3351 2097 3662">
     <span class='ocr_line' id='line_1_40' title="bbox 409 3351 1882 3422; baseline -0.005 -11"><span class='ocrx_word' id='word_1_256' title='bbox 409 3355 621 3411; x_wconf 90' lang='lat' dir='ltr'>Lectus</span> <span class='ocrx_word' id='word_1_257' title='bbox 648 3366 770 3411; x_wconf 89' lang='lat' dir='ltr'>erat</span> <span class='ocrx_word' id='word_1_258' title='bbox 798 3355 986 3412; x_wconf 90' lang='lat' dir='ltr'>Codro</span> <span class='ocrx_word' id='word_1_259' title='bbox 1013 3352 1256 3411; x_wconf 65' lang='lat' dir='ltr'>Procula</span> <span class='ocrx_word' id='word_1_260' title='bbox 1285 3352 1489 3422; x_wconf 89' lang='lat' dir='ltr'>minor,</span> <span class='ocrx_word' id='word_1_261' title='bbox 1520 3351 1734 3407; x_wconf 89' lang='lat' dir='ltr'>urceoli</span> <span class='ocrx_word' id='word_1_262' title='bbox 1764 3369 1882 3417; x_wconf 89' lang='lat' dir='ltr'>sex,</span> 
     </span>
     <span class='ocr_line' id='line_1_41' title="bbox 412 3424 1902 3503; baseline -0.004 -15"><span class='ocrx_word' id='word_1_263' title='bbox 412 3432 826 3492; x_wconf 87' lang='lat' dir='ltr'>Ornamentum</span> <span class='ocrx_word' id='word_1_264' title='bbox 857 3434 1040 3498; x_wconf 88' lang='lat' dir='ltr'>abaci,</span> <span class='ocrx_word' id='word_1_265' title='bbox 1099 3449 1208 3487; x_wconf 91' lang='lat' dir='ltr'>nec</span> <span class='ocrx_word' id='word_1_266' title='bbox 1236 3448 1350 3485; x_wconf 91' lang='lat' dir='ltr'>non</span> <span class='ocrx_word' id='word_1_267' title='bbox 1380 3440 1438 3484; x_wconf 90' lang='lat' dir='ltr'>et</span> <span class='ocrx_word' id='word_1_268' title='bbox 1462 3428 1728 3503; x_wconf 89' lang='lat' dir='ltr'>parvulus</span> <span class='ocrx_word' id='word_1_269' title='bbox 1756 3424 1902 3482; x_wconf 72' lang='lat' dir='ltr'>infra</span> 
     </span>
     <span class='ocr_line' id='line_1_42' title="bbox 407 3504 2097 3581; baseline -0.005 -14"><span class='ocrx_word' id='word_1_270' title='bbox 407 3511 752 3581; x_wconf 82' lang='lat' dir='ltr'>CantharuS‚</span> <span class='ocrx_word' id='word_1_271' title='bbox 782 3521 839 3566; x_wconf 92' lang='lat' dir='ltr'>et</span> <span class='ocrx_word' id='word_1_272' title='bbox 867 3511 1146 3566; x_wconf 87' lang='lat' dir='ltr'>recubans</span> <span class='ocrx_word' id='word_1_273' title='bbox 1175 3508 1279 3563; x_wconf 91' lang='lat' dir='ltr'>sub</span> <span class='ocrx_word' id='word_1_274' title='bbox 1306 3507 1508 3563; x_wconf 89' lang='lat' dir='ltr'>eodem</span> <span class='ocrx_word' id='word_1_275' title='bbox 1537 3524 1815 3561; x_wconf 87' lang='lat' dir='ltr'>marmore</span> <span class='ocrx_word' id='word_1_276' title='bbox 1843 3504 2058 3561; x_wconf 84' lang='lat' dir='ltr'>Chiron</span> <span class='ocrx_word' id='word_1_277' title='bbox 2083 3522 2097 3572; x_wconf 94' lang='lat'>;</span> 
     </span>
     <span class='ocr_line' id='line_1_43' title="bbox 407 3584 1822 3662; baseline -0.004 -17"><span class='ocrx_word' id='word_1_278' title='bbox 407 3588 651 3662; x_wconf 86' lang='lat' dir='ltr'>Jamque</span> <span class='ocrx_word' id='word_1_279' title='bbox 680 3599 840 3646; x_wconf 89' lang='lat' dir='ltr'>vetus</span> <span class='ocrx_word' id='word_1_280' title='bbox 868 3588 1099 3644; x_wconf 69' lang='lat' dir='ltr'>Graecos</span> <span class='ocrx_word' id='word_1_281' title='bbox 1128 3586 1384 3643; x_wconf 89' lang='lat' dir='ltr'>servabat</span> <span class='ocrx_word' id='word_1_282' title='bbox 1414 3585 1555 3641; x_wconf 91' lang='lat' dir='ltr'>cista</span> <span class='ocrx_word' id='word_1_283' title='bbox 1582 3584 1822 3656; x_wconf 83' lang='lat' dir='ltr'>libellos,</span> 
     </span>
    </p>

    <p class='ocr_par' dir='ltr' id='par_1_15' title="bbox 406 3665 1700 3741">
     <span class='ocr_line' id='line_1_44' title="bbox 406 3665 1700 3741; baseline -0.004 -16"><span class='ocrx_word' id='word_1_284' title='bbox 406 3666 484 3725; x_wconf 84' lang='lat' dir='ltr'>Et</span> <span class='ocrx_word' id='word_1_285' title='bbox 510 3667 701 3723; x_wconf 88' lang='lat' dir='ltr'>divina</span> <span class='ocrx_word' id='word_1_286' title='bbox 725 3666 875 3741; x_wconf 91' lang='lat' dir='ltr'>opici</span> <span class='ocrx_word' id='word_1_287' title='bbox 904 3666 1179 3721; x_wconf 89' lang='lat' dir='ltr'>rodebant</span> <span class='ocrx_word' id='word_1_288' title='bbox 1209 3665 1466 3721; x_wconf 89' lang='lat' dir='ltr'>carmina</span> <span class='ocrx_word' id='word_1_289' title='bbox 1493 3683 1700 3720; x_wconf 80' lang='lat' dir='ltr'>mureS.</span> 
     </span>
    </p>

    <p class='ocr_par' dir='ltr' id='par_1_16' title="bbox 408 3741 2099 3828">
     <span class='ocr_line' id='line_1_45' title="bbox 408 3741 2099 3828; baseline 0 -28"><span class='ocrx_word' id='word_1_290' title='bbox 408 3743 509 3828; x_wconf 58' lang='lat' dir='ltr'>le</span> <span class='ocrx_word' id='word_1_291' title='bbox 537 3744 734 3802; x_wconf 88' lang='lat' dir='ltr'>habuit</span> <span class='ocrx_word' id='word_1_292' title='bbox 759 3743 1017 3800; x_wconf 87' lang='lat' dir='ltr'>Codrus:</span> <span class='ocrx_word' id='word_1_293' title='bbox 1058 3743 1185 3816; x_wconf 90' lang='lat' dir='ltr'>quis</span> <span class='ocrx_word' id='word_1_294' title='bbox 1213 3744 1368 3799; x_wconf 89' lang='lat' dir='ltr'>enim</span> <span class='ocrx_word' id='word_1_295' title='bbox 1395 3742 1608 3818; x_wconf 67' lang='lat' dir='ltr'>negat?</span> <span class='ocrx_word' id='word_1_296' title='bbox 1650 3753 1708 3800; x_wconf 89' lang='lat' dir='ltr'>ct</span> <span class='ocrx_word' id='word_1_297' title='bbox 1735 3752 1929 3800; x_wconf 89' lang='lat' dir='ltr'>tamen</span> <span class='ocrx_word' id='word_1_298' title='bbox 1959 3741 2099 3801; x_wconf 88' lang='lat' dir='ltr'>illud</span> 
     </span>
    </p>
   </div>
   <div class='ocr_carea' id='block_1_3' title="bbox 2304 614 2419 673">
    <p class='ocr_par' dir='ltr' id='par_1_17' title="bbox 2304 614 2419 673">
     <span class='ocr_line' id='line_1_46' title="bbox 2304 614 2419 673; baseline 0.017 -2"><span class='ocrx_word' id='word_1_299' title='bbox 2304 614 2419 673; x_wconf 85' lang='lat'>150</span> 
     </span>
    </p>
   </div>
   <div class='ocr_carea' id='block_1_4' title="bbox 2300 1008 2412 1064">
    <p class='ocr_par' dir='ltr' id='par_1_18' title="bbox 2300 1008 2412 1064">
     <span class='ocr_line' id='line_1_47' title="bbox 2300 1008 2412 1064; baseline 0 0"><span class='ocrx_word' id='word_1_300' title='bbox 2300 1008 2412 1064; x_wconf 85' lang='lat'>155</span> 
     </span>
    </p>
   </div>
   <div class='ocr_carea' id='block_1_5' title="bbox 2294 1398 2410 1456">
    <p class='ocr_par' dir='ltr' id='par_1_19' title="bbox 2294 1398 2410 1456">
     <span class='ocr_line' id='line_1_48' title="bbox 2294 1398 2410 1456; baseline 0.009 -1"><span class='ocrx_word' id='word_1_301' title='bbox 2294 1398 2410 1456; x_wconf 87' lang='grc'>160</span> 
     </span>
    </p>
   </div>
   <div class='ocr_carea' id='block_1_6' title="bbox 2291 1753 2405 1845">
    <p class='ocr_par' dir='ltr' id='par_1_20' title="bbox 2291 1753 2405 1845">
     <span class='ocr_line' id='line_1_49' title="bbox 2291 1753 2405 1845; baseline 0.009 -1"><span class='ocrx_word' id='word_1_302' title='bbox 2291 1753 2405 1845; x_wconf 60' lang='lat'>165</span> 
     </span>
    </p>
   </div>
   <div class='ocr_carea' id='block_1_7' title="bbox 2287 2179 2402 2239">
    <p class='ocr_par' dir='ltr' id='par_1_21' title="bbox 2287 2179 2402 2239">
     <span class='ocr_line' id='line_1_50' title="bbox 2287 2179 2402 2239; baseline 0.035 -4"><span class='ocrx_word' id='word_1_303' title='bbox 2287 2179 2402 2239; x_wconf 86' lang='lat'>170</span> 
     </span>
    </p>
   </div>
   <div class='ocr_carea' id='block_1_8' title="bbox 2279 2570 2393 2627">
    <p class='ocr_par' dir='ltr' id='par_1_22' title="bbox 2279 2570 2393 2627">
     <span class='ocr_line' id='line_1_51' title="bbox 2279 2570 2393 2627; baseline 0 0"><span class='ocrx_word' id='word_1_304' title='bbox 2279 2570 2393 2627; x_wconf 84' lang='lat'>175</span> 
     </span>
    </p>
   </div>
   <div class='ocr_carea' id='block_1_9' title="bbox 2273 2960 2386 3017">
    <p class='ocr_par' dir='ltr' id='par_1_23' title="bbox 2273 2960 2386 3017">
     <span class='ocr_line' id='line_1_52' title="bbox 2273 2960 2386 3017; baseline 0 0"><span class='ocrx_word' id='word_1_305' title='bbox 2273 2960 2386 3017; x_wconf 79' lang='lat'>180</span> 
     </span>
    </p>
   </div>
   <div class='ocr_carea' id='block_1_10' title="bbox 2266 3349 2382 3408">
    <p class='ocr_par' dir='ltr' id='par_1_24' title="bbox 2266 3349 2382 3408">
     <span class='ocr_line' id='line_1_53' title="bbox 2266 3349 2382 3408; baseline 0.026 -3"><span class='ocrx_word' id='word_1_306' title='bbox 2266 3349 2382 3408; x_wconf 80' lang='lat'>185</span> 
     </span>
    </p>
   </div>
   <div class='ocr_carea' id='block_1_11' title="bbox 2267 3745 2378 3804">
    <p class='ocr_par' dir='ltr' id='par_1_25' title="bbox 2267 3745 2378 3804">
     <span class='ocr_line' id='line_1_54' title="bbox 2267 3745 2378 3804; baseline 0.027 -3"><span class='ocrx_word' id='word_1_307' title='bbox 2267 3745 2378 3804; x_wconf 89' lang='grc'>190</span> 
     </span>
    </p>
   </div>
  </div>
 </body>
</html>
