2613 4161
342 268 421 322 60
966 257 1032 310 D.
1067 265 1258 311 sumi
1295 228 1689 332 jUVENAJAS

342 406 608 481 Corporis
636 406 854 482 egregii
885 406 1120 463 miseros
1145 405 1509 481 trepidosque
1536 415 1806 481 parentes

343 486 579 559 Semper
609 485 794 541 habet.
879 485 1039 542 Rara
1066 496 1151 541 est
1182 482 1326 541 adeo
1355 483 1662 540 concordia
1692 485 1884 541 formae

350 564 533 636 Atque
560 564 867 638 pudicitiae.
953 563 1194 620 Sanctos
1224 560 1362 619 licet
1390 562 1618 619 horrida
1644 581 1830 618 mores

342 640 669 698 Tradiderit
696 643 916 711 domuS,
945 659 1013 697 ac
1040 652 1256 697 veteres
1283 641 1501 696 imitata
1530 640 1791 711 Sabinos,

342 719 623 776 Praeterea
650 730 868 776 castum
899 719 1191 793 ingenium
1221 718 1547 792 vultumque
1576 720 1831 775 modesto

345 799 638 872 Sanguine
671 798 977 854 ferventem
1007 797 1215 854 tribuat
1242 808 1444 853 natura
1474 797 1724 870 benigna

347 876 528 950 Larga
557 895 727 932 manu
753 896 766 945 ;
814 875 973 951 (quid
1005 876 1157 932 enim
1187 894 1364 949 puero
1393 875 1650 931 conferre
1677 885 1863 950 potest
1887 875 2015 950 plus

343 954 595 1010 Custode
613 967 671 1011 et
700 955 838 1011 cura
868 965 1069 1010 natura
1096 954 1375 1029 potentior
1403 953 1560 1009 omni
1577 955 1628 1029 Ἰ)

344 1031 476 1088 Non
507 1033 640 1089 licet
667 1053 790 1089 esse
820 1033 953 1088 viris
978 1051 989 1088 ε
1033 1051 1165 1088 nam
1193 1033 1429 1107 prodiga
1457 1032 1798 1106 corruptoris

344 1108 680 1184 Improbitas
709 1113 857 1187 ipsos
888 1112 1057 1168 audet
1084 1122 1299 1167 tentare
1328 1120 1690 1185 parentes—

344 1188 460 1244 Sed
488 1201 645 1246 casto
673 1190 807 1263 quid
837 1190 1015 1245 forma
1043 1190 1254 1245 nocet?
1296 1190 1432 1262 quid
1461 1188 1668 1263 profuit
1696 1189 1869 1246 immo

344 1265 650 1341 Hippolyto
678 1286 847 1342 grave
874 1266 1221 1342 propositum
1245 1268 1270 1323 'f
1314 1268 1450 1341 quid
1482 1266 1945 1343 Bellerophonti?

343 1344 586 1401 Erubuit
614 1364 817 1420 nempe
846 1346 989 1416 haec,
1019 1364 1126 1401 ceu
1156 1346 1419 1417 fastidita,
1443 1343 1683 1420 repulsa.

341 1422 400 1478 N
404 1442 471 1479 ec
501 1424 846 1480 Stheneboea
873 1424 1079 1494 minuS,
1108 1422 1279 1498 quam
1310 1423 1536 1495 Cressa,
1565 1424 1890 1497 excanduit,
1918 1435 1977 1482 et
2002 1444 2067 1483 se

342 1501 701 1558 Concussere
730 1503 925 1558 ambae.
1011 1502 1220 1559 Mulier
1250 1503 1559 1560 saevissima
1584 1513 1723 1559 tunc
1749 1513 1854 1574 est,

341 1579 541 1640 Quum
570 1580 825 1638 stimulos
844 1582 975 1639 odio
1001 1582 1181 1657 pudor
1210 1582 1489 1638 admovet.
1572 1579 1738 1655 Elige
1764 1581 2037 1657 quidnam

343 1658 713 1715 Suadendum
742 1678 867 1715 esse
894 1671 1076 1735 putes,
1105 1659 1201 1717 cui
1230 1659 1445 1717 nubere
1474 1658 1716 1715 Caesaris
1743 1678 1883 1717 uxor

342 1735 644 1795 Destinat?
723 1736 992 1812 Optimus
1021 1737 1113 1794 hic
1140 1749 1198 1795 et
1227 1737 1663 1795 formosissimus
1690 1738 1841 1796 idem

341 1815 546 1873 Gentis
573 1816 825 1891 patriciae
853 1816 1066 1892 rapitur
1094 1816 1268 1874 miser
1298 1817 1749 1892 exstinguendus

344 1892 666 1952 Messalinae
693 1895 905 1952 oculis:
950 1897 1166 1952 dudum
1194 1895 1356 1952 sedet
1383 1894 1478 1952 illa
1505 1906 1698 1970 parato

344 1970 711 2039 Flamme010,
742 1972 1063 2048 Tyriusque
1089 1973 1278 2049 palam
1305 1974 1547 2048 genialis
1575 1974 1633 2031 in
1663 1973 1842 2031 hortis

343 2051 645 2124 Sternitur,
676 2061 735 2108 et
764 2053 875 2109 ritu
902 2053 1095 2109 decies
1123 2062 1369 2110 centena
1397 2052 1682 2111 dabuntur

342 2130 597 2203 Antiquo
620 2149 633 2191 ς
679 2131 865 2187 veniet
893 2149 1024 2186 cum
1049 2131 1430 2204 signatoribus
1452 2151 1680 2208 auspex,

345 2206 486 2264 Haec
514 2222 574 2264 tu
603 2220 821 2265 secreta
849 2219 907 2265 et
933 2210 1131 2283 paucis
1159 2211 1462 2267 commissa
1489 2212 1768 2286 putabas?

339 2284 496 2358 Non,
528 2286 636 2344 nisi
665 2285 940 2363 legitime,
971 2288 1086 2344 vult
1113 2288 1345 2345 nubere.
1427 2289 1589 2350 Quid
1618 2289 1857 2364 placeat,
1887 2290 1981 2347 dic
2005 2308 2017 2347 :

339 2362 419 2419 Ni
450 2385 647 2440 parere
675 2366 832 2439 veliS,
859 2367 1212 2442 pereundum
1244 2367 1352 2424 erit
1379 2376 1510 2425 ante
1536 2368 1799 2424 lucernas
1824 2387 1837 2424 ε

340 2443 402 2497 Si
432 2443 618 2500 scelus
646 2446 927 2515 admittaS‚
956 2444 1181 2502 dabitur
1209 2464 1367 2503 mora
1393 2446 1642 2520 parvula,
1672 2448 1810 2503 dum
1838 2465 1929 2503 res

338 2518 492 2576 Nota
523 2521 659 2578 Urbi
681 2533 738 2578 et
762 2522 971 2597 populo
998 2523 1289 2598 contingat
1318 2523 1599 2600 Principis
1627 2544 1809 2581 aures.

339 2597 606 2656 Dedecus
634 2599 728 2656 ille
757 2600 959 2665 domus
987 2602 1130 2659 sciet
1157 2602 1421 2659 ultimus:
1464 2603 1678 2660 interea
1693 2614 1756 2660 tu

336 2675 671 2748 Obsequere
702 2678 957 2753 imperio,
986 2680 1058 2736 sit
1088 2681 1228 2737 tanti
1257 2682 1369 2738 vita
1398 2681 1616 2737 dierum

339 2752 677 2812 Paucorum.
758 2756 1058 2831 Quidquid
1087 2758 1290 2816 melius
1319 2759 1610 2834 leviusque
1636 2759 1873 2835 putariS,

337 2830 654 2891 Praebenda
679 2846 766 2893 est
792 2835 982 2909 gladio
1007 2837 1243 2911 pulchra
1273 2839 1397 2895 haec
1424 2849 1482 2895 et
1509 2838 1754 2896 candida
1781 2838 1988 2896 cervix.

414 2909 514 2967 Nil
543 2911 681 2987 ergo
708 2913 983 2988 optabunt
1012 2916 1316 2973 homines?
1400 2916 1462 2972 Si
1491 2916 1791 2973 consilium
1822 2917 1923 2989 viS,

335 2989 634 3048 Permittes
662 2993 798 3069 ipsis
819 2992 1139 3066 expendere
1167 2994 1518 3066 numinibuS‚
1539 2995 1675 3069 quid

335 3067 653 3129 Conveniat
680 3071 862 3141 nobis,
891 3070 1170 3146 rebusque
1199 3072 1271 3130 sit
1298 3073 1437 3130 utile
1467 3074 1686 3130 nostris,

334 3145 486 3204 Nam
514 3168 614 3224 pro
636 3149 906 3226 jucundis
928 3150 1214 3224 aptissima
1241 3170 1479 3226 quaeque
1507 3150 1725 3208 dabunt
1751 3149 1811 3207 di

334 3226 534 3284 Carior
562 3240 649 3286 est
676 3229 785 3286 illis
812 3230 999 3299 hom0,
1027 3228 1195 3304 quam
1226 3231 1350 3286 sibi.
1434 3230 1561 3286 Nos
1590 3230 1906 3287 animorum

334 3305 609 3379 Impulsu,
638 3317 696 3363 et
723 3307 880 3363 caeca
907 3309 1227 3381 magnaque
1255 3308 1525 3381 cupidine
1553 3309 1711 3365 ducti

333 3383 680 3457 Conjugium
706 3386 969 3458 petimuS,
999 3399 1334 3460 partumque
1365 3387 1552 3443 uxoris
1577 3405 1589 3442 :
1633 3398 1690 3444 at
1717 3386 1827 3443 illis

335 3460 572 3531 Netum,
599 3463 695 3534 qui
723 3464 903 3536 pueri,
933 3464 1221 3538 qualisque
1251 3464 1436 3520 futura
1464 3464 1535 3520 sit
1565 3484 1719 3522 uxor.

335 3538 409 3594 Ut
435 3549 624 3601 tamen
653 3549 711 3595 et
737 3559 936 3614 poscas
964 3542 1193 3616 aliquid,
1223 3561 1535 3617 voveasque
1564 3543 1789 3600 sacellis

332 3616 499 3686 Exta,
527 3626 583 3671 et
611 3617 905 3671 candiduli
934 3619 1127 3676 divina
1155 3622 1440 3679 tomacula
1468 3622 1622 3696 porci
1647 3641 1661 3690 3

330 3692 632 3748 Orandum
660 3703 763 3762 est,
787 3705 849 3747 ut
875 3694 948 3747 sit
973 3712 1134 3751 mens
1160 3717 1299 3753 sana
1327 3700 1384 3755 in
1410 3719 1643 3772 corpore
1671 3717 1826 3755 sano.

332 3767 562 3824 Fortem
589 3787 760 3842 posce
788 3768 1060 3839 animum,
1090 3775 1284 3830 mortis
1316 3787 1526 3833 terrore
1554 3786 1864 3847 carentem,

2198 1976 2321 2034 310

2195 2369 2317 2427 315
