2613 4161
1208 253 1456 299 SA'mRA
1494 253 1568 298 xl

393 390 519 451 Qui
549 390 793 466 spatium
822 391 951 449 vitae
981 404 1300 450 extremum
1333 394 1483 451 inter
1512 413 1750 452 munera
1776 406 1949 472 ponat

398 468 656 541 Naturae,
687 472 782 544 qui
813 471 958 528 ferre
988 482 1159 545 queat
1186 491 1556 547 quoscunque
1585 474 1826 547 laboreS,

395 547 638 606 Nesciat
665 550 854 620 irasci,
884 552 1076 625 cupiat
1105 550 1265 620 nihil,
1295 562 1353 608 et
1382 554 1628 626 potiores

400 627 668 684 Herculis
698 647 979 684 aerumnas
1006 630 1201 685 credat
1223 648 1511 704 saevosque
1529 631 1749 687 labores

401 705 474 762 Et
502 706 750 776 Venere,
781 718 840 763 et
867 709 1067 777 coeniS‚
1097 718 1154 764 et
1180 708 1375 782 pluma
1406 709 1797 784 Sardanapali.

403 783 673 856 Monstro,
703 786 851 859 quod
882 786 1001 860 ipse
1030 786 1129 842 tibi
1157 787 1339 860 possis
1368 788 1538 843 dare:
1581 788 1783 845 semita
1812 787 1971 846 certe

398 862 749 937 Tranquillas
779 883 878 938 per
909 865 1171 921 virtutem
1198 876 1352 938 patet
1382 867 1554 921 unica
1581 868 1723 924 vitae.

399 940 638 998 Nullum
666 962 879 999 numen
911 944 1107 1013 habes,
1138 944 1184 998 si
1214 944 1286 1000 sit
1314 945 1652 1018 prudentia:
1696 965 1800 1001 nos
1828 957 1904 1017 te,

396 1020 519 1078 Nos
548 1020 807 1095 facimuS,
836 1020 1111 1093 Fortuna,
1140 1021 1345 1094 Deam,
1375 1021 1630 1098 coeloque
1658 1023 1928 1080 locamus,

1151 1419 1472 1477 SATIRA
1513 1419 1623 1477 XI.

477 1576 753 1634 Arrrcus
782 1573 992 1633 eximie
1022 1575 1071 1633 si
1099 1587 1309 1649 coenat,
1331 1577 1520 1634 lautus
1548 1577 1822 1647 habetur3

398 1655 462 1712 Si
490 1654 745 1728 Rutilus,
773 1654 1027 1713 demens
1109 1655 1272 1716 Quid
1299 1655 1455 1713 enim
1483 1656 1694 1732 majore
1724 1655 2008 1714 cachinno

396 1732 694 1809 Excipitur
722 1733 896 1809 vulgi,
923 1731 1096 1808 quam
1124 1752 1338 1810 pauper
1368 1734 1650 1810 Apicius?
1692 1734 1901 1792 Omnis

394 1812 731 1884 Convictus»,
759 1813 1016 1884 thermae,
1045 1813 1336 1884 stationeS,
1365 1832 1536 1870 omne
1562 1814 1845 1869 theatrum

397 1890 488 1948 De
516 1890 733 1949 Rutilo.
818 1890 971 1947 Nam
1002 1891 1139 1948 dum
1169 1891 1356 1948 valida
1383 1910 1451 1947 ac
1474 1890 1750 1966 juvenilia
1778 1890 2034 1947 membra

397 1970 701 2028 Sufficiunt
728 1969 926 2045 galeae,
956 1969 1205 2045 dumque
1235 1971 1436 2027 ardent
1462 1970 1760 2045 sanguine,
1790 1969 1984 2040 fertur,

396 2048 531 2106 Non
562 2060 803 2125 cogente
831 2049 1083 2123 quidem,
1113 2049 1213 2106 sed
1243 2068 1354 2106 nec
1381 2049 1717 2126 prohibente
1746 2048 1994 2122 tribuno,

397 2128 727 2203 Scripturus
754 2128 929 2203 legeS,
958 2140 1016 2186 et
1044 2128 1200 2204 regia
1227 2129 1400 2189 verba
1427 2129 1663 2186 lanistae.

396 2207 613 2264 Multos
642 2206 807 2283 porro
839 2208 1012 2279 vides,
1041 2226 1182 2281 quos
1210 2205 1363 2283 saepe
1393 2208 1586 2265 elusus
1616 2207 1686 2263 ad
1717 2207 1903 2282 ipsum

396 2286 660 2342 Creditor
689 2286 980 2344 introitum
1010 2287 1152 2343 solet
1178 2299 1508 2360 exspectare
1539 2285 1783 2356 macelli,

395 2364 472 2422 Et
499 2364 706 2438 quibus
735 2365 793 2421 in
821 2365 940 2422 solo
966 2365 1191 2421 vivendi
1221 2383 1398 2421 causa
1425 2365 1611 2440 palato
1637 2375 1741 2421 est.

395 2442 685 2519 Egregius
713 2454 923 2514 coenat,
953 2440 1268 2516 meliusque
1298 2443 1649 2499 miserrimus
1678 2443 1902 2507 horum.

396 2522 473 2578 Et
500 2521 616 2579 cito
646 2541 881 2579 casurus
902 2522 1017 2597 jam
1046 2522 1378 2597 perlucente
1408 2521 1593 2578 ruina.

396 2599 628 2657 Interea
654 2612 859 2676 gustus
885 2600 1171 2658 elementa
1198 2619 1298 2675 per
1326 2600 1521 2657 omnia
1547 2610 1825 2674 quierunt,

397 2678 708 2753 Nunquam
739 2679 929 2736 animo
955 2679 1150 2754 pretiis
1177 2678 1549 2736 obstantibus.
1631 2676 1881 2736 Interius
1909 2677 1957 2735 si

397 2758 700 2829 Attendas,
732 2756 914 2832 magis
935 2757 1031 2814 illa
1054 2758 1273 2833 juvant,
1301 2776 1427 2831 quae
1456 2757 1631 2832 pluris
1658 2769 1941 2814 emuntur.

396 2835 555 2911 Ergo
587 2837 742 2893 haud
769 2836 999 2893 difficile
1028 2846 1134 2907 est,
1162 2837 1470 2911 perituram
1502 2855 1787 2893 arcessere
1817 2853 2101 2893 summam

395 2915 689 2972 Lancibus
714 2915 1003 2990 oppositiS,
1032 2915 1117 2971 vel
1149 2916 1341 2971 matris
1369 2915 1619 2989 imagine
1648 2915 1846 2986 fracta,

394 2993 473 3050 Et
499 2993 928 3068 quadringentis
955 2994 1203 3049 nummis
1220 2995 1453 3050 condire
1482 2994 1744 3068 gulosum

395 3072 602 3129 Fictile
625 3091 637 3128 :
682 3073 767 3128 sic
795 3071 1029 3129 veniunt
1057 3072 1128 3127 ad
1158 3072 1525 3129 miscellanea
1552 3070 1691 3128 ludi.

395 3150 602 3207 Refert
628 3148 789 3226 ergo,
817 3151 944 3226 quis
972 3152 1096 3206 haec
1123 3151 1324 3206 eadem
1356 3162 1545 3225 paret:
1589 3152 1646 3207 in
1678 3149 1882 3206 Rutilo
1909 3166 2044 3206 nam

395 3229 650 3286 Luxuria
676 3241 796 3298 est3
839 3230 898 3286 in
930 3229 1201 3285 Ventidio
1228 3229 1512 3286 laudabile
1543 3248 1752 3285 nomen

396 3308 602 3377 Sumit,
632 3319 689 3364 et
717 3328 750 3365 a
778 3327 955 3364 censu
984 3307 1191 3364 famam
1222 3309 1406 3365 trahit.
1492 3307 1660 3363 Illum
1689 3325 1797 3381 ego
1820 3305 1946 3382 jure

394 3385 748 3460 Despiciam,
777 3388 872 3460 qui
901 3387 1026 3456 scit,
1054 3399 1266 3460 quanto
1297 3387 1591 3443 sublimior
1620 3385 1785 3441 Atlas

393 3463 685 3521 Omnibus
713 3466 771 3522 in
803 3466 984 3539 Libya
1012 3466 1084 3521 sit
1110 3459 1430 3531 montibus3
1476 3464 1568 3519 bic
1596 3475 1787 3519 tamen
1817 3462 1969 3519 idem

395 3541 648 3617 Ignoret,
677 3541 950 3617 quantum
983 3544 1187 3600 ferrata
1216 3545 1386 3599 distet
1415 3542 1486 3597 ab
1516 3541 1649 3597 arca

394 3622 694 3678 Saeculus.
780 3621 830 3677 E
860 3622 1005 3678 coelo
1032 3622 1332 3677 descendit
1361 3619 1530 3674 Γνῶὲι
1561 3616 1789 3685 σεαυτὸν,

393 3699 721 3776 Figendum
749 3711 808 3756 et
837 3700 1073 3756 memori
1103 3699 1463 3756 tractandum
1493 3709 1740 3771 pectore,
1769 3696 1887 3752 sive

391 3779 743 3855 Conjugium
773 3796 1013 3853 quaeras,
1044 3777 1130 3833 vel
1161 3777 1309 3833 sacri
1339 3776 1399 3833 in
1427 3787 1586 3851 parte
1615 3774 1849 3831 senatus

1031 3855 1071 3910 6

2307 257 2373 313 61

2265 868 2382 925 340

2307 2285 2381 2342 10

2306 2677 2380 2734 15

2298 3067 2379 3125 20
