2613 4161
1033 236 1040 239 ’
1111 221 1362 268 SATIRA
1397 222 1546 269 xlv.

329 360 558 417 Patrem
585 360 792 436 ipsum,
820 360 1156 434 turbamque
1187 379 1357 431 casae,
1375 361 1500 435 qua
1529 362 1663 419 foeta
1683 360 1911 436 jacebat

328 438 505 509 Uxor,
534 450 592 496 et
619 438 867 495 infantes
895 439 1169 494 ludebant
1196 450 1454 512 quatuor,
1483 458 1636 496 unus

329 516 608 586 Vernula‚
638 527 753 572 tres
780 516 1028 573 domini:
1070 517 1170 572 sed
1200 517 1424 591 magnis
1455 518 1718 575 fratribus
1746 519 1970 592 horum,

328 595 384 650 A
417 595 619 650 scrobe
647 594 735 650 vel
764 594 922 651 sulco
950 594 1343 666 redeuntibuS,
1373 595 1548 652 altera
1575 614 1742 652 coena

332 671 591 747 Amplior
618 682 678 728 et
703 673 949 746 grandes
978 672 1272 728 fumabant
1298 672 1551 747 pultibus
1577 673 1722 730 ollae.

329 749 509 806 Nunc
537 750 740 805 modus
769 750 865 805 hic
896 749 1017 824 agri
1044 761 1237 807 nostro
1264 769 1380 807 non
1408 751 1619 807 sufficit
1648 752 1827 809 horto.

328 826 478 884 Inde
510 825 628 884 fere
660 827 942 884 scelerum
968 846 1178 898 causae,
1207 846 1318 883 nec
1344 828 1508 901 plura
1533 847 1757 886 venena

328 904 587 976 Miscuit,
616 917 714 962 aut
742 905 891 962 ferro
916 918 1205 980 grassatur
1232 903 1441 980 saepius
1467 906 1649 963 ullum

328 983 618 1039 Humanae
652 984 861 1039 mentis
888 983 1107 1054 vitium,
1135 979 1308 1057 quam
1345 1001 1493 1039 saeva
1519 984 1729 1058 cupido

327 1060 601 1118 Indomiti
630 1061 875 1118 census:
919 1080 1053 1118 nam
1082 1061 1239 1117 dives
1266 1061 1363 1134 qui
1390 1059 1514 1117 fieri
1542 1060 1681 1132 vult,

326 1139 404 1195 Et
430 1136 546 1196 cito
576 1138 695 1197 vult
719 1138 859 1195 fieri.
944 1140 1062 1195 Sed
1089 1157 1214 1212 quae
1240 1139 1555 1195 reverentia
1580 1140 1792 1214 legum,

324 1216 481 1276 Quis
509 1227 697 1272 metus
724 1227 822 1274 aut
847 1218 1029 1293 pudor
1056 1226 1144 1273 est
1169 1234 1422 1290 unquam
1449 1218 1800 1292 properantis
1828 1218 1980 1278 avari
2000 1220 2027 1276 'l

326 1294 518 1351 Vivit-2
547 1295 801 1351 contenti
832 1294 1041 1351 casulis
1067 1305 1125 1351 et
1152 1295 1394 1351 collibus
1421 1295 1564 1366 istis,

324 1371 382 1429 Ο
409 1373 595 1447 pueri,
625 1371 852 1429 Marsus
881 1372 1108 1429 dicebat
1134 1383 1193 1429 et
1219 1372 1512 1429 Hernicus
1537 1374 1673 1430 olim

326 1450 714 1524 Vestinusque
741 1469 953 1519 senex3
995 1469 1203 1525 panem
1229 1469 1550 1525 quaeramus
1577 1461 1780 1523 aratro,

325 1527 452 1587 Qui
481 1525 623 1584 satis
651 1538 737 1584 est
763 1528 979 1584 mensis
1006 1547 1019 1583 :
1062 1528 1299 1584 laudant
1328 1529 1439 1586 hoc
1466 1529 1705 1585 numina
1730 1529 1899 1602 ruriS,

323 1604 596 1666 Quorum
623 1624 733 1680 ope
760 1618 819 1663 et
845 1605 1075 1676 auxilio,
1104 1617 1280 1680 gratae
1308 1616 1436 1680 post
1461 1625 1671 1662 munus
1698 1607 1904 1679 aristae,

325 1683 688 1758 Contingunt
715 1684 932 1740 homini
959 1683 1166 1740 veteris
1195 1682 1420 1739 fastidia
1446 1684 1709 1757 quercfiS.

325 1760 428 1817 Nil
456 1762 696 1818 vetitum
725 1762 931 1818 fecisse
953 1760 1120 1832 volet,
1144 1778 1314 1834 quem
1344 1780 1460 1817 non
1488 1762 1663 1835 pudet
1690 1762 1804 1819 alto

324 1838 435 1896 Per
462 1839 708 1914 glaciem
738 1857 952 1914 perone
980 1838 1097 1913 tegi
1121 1857 1135 1906 3
1179 1839 1273 1912 qui
1304 1838 1603 1895 submovet
1629 1838 1817 1896 Euros

324 1916 578 1974 Pellibus
607 1917 861 1975 inversis
946 1917 1255 1991 Peregrina
1283 1917 1590 1991 ignotaque
1619 1916 1784 1973 nobis

324 1995 422 2052 Ad
452 1995 641 2052 scelus
669 2005 837 2069 atque
864 1995 1046 2066 nefaS,
1078 2012 1437 2069 quaecunque
1466 2005 1570 2066 est,
1596 2013 1847 2070 purpura
1872 1994 2052 2055 ducit.

404 2072 552 2130 Haec
583 2073 666 2131 illi
695 2085 911 2130 veteres
935 2085 1221 2150 praecepta
1247 2072 1564 2130 minoribus
1589 2092 1603 2129 ε
1647 2084 1706 2130 at
1732 2093 1891 2133 nunc

322 2150 461 2208 Post
485 2151 662 2209 finem
688 2152 948 2209 autumni
976 2153 1166 2209 media
1194 2153 1266 2220 de
1293 2162 1463 2209 nocte
1491 2152 1761 2227 supinum

323 2228 627 2287 Clamosus
647 2230 918 2306 juvenem
943 2239 1101 2305 pater
1129 2230 1378 2286 excitat:
1419 2231 1642 2305 Accipe
1671 2248 1852 2300 ceras

323 2307 550 2379 Scribe,
577 2327 742 2384 puer,
770 2308 957 2384 vigila,
985 2325 1189 2365 causas
1218 2326 1345 2382 age,
1372 2307 1605 2383 perlege
1632 2308 1831 2365 rubras

321 2382 614 2461 Majorum
641 2387 818 2461 legeS,
848 2398 945 2443 aut
970 2387 1143 2443 vitem
1167 2381 1343 2461 posce
1369 2383 1578 2441 libello.

322 2463 441 2520 Sed
471 2474 643 2539 caput
670 2465 946 2521 intactum
976 2465 1128 2521 buxo
1155 2482 1434 2537 naresque
1459 2464 1668 2538 pilosas

322 2541 604 2612 Annotet,
633 2551 693 2598 et
718 2543 963 2617 grandes
991 2542 1228 2599 miretur
1259 2541 1473 2598 Laelius
1501 2542 1636 2598 alaS.

321 2617 508 2676 Dirue
536 2618 872 2677 Maurorum
900 2620 1157 2695 attegias,
1187 2619 1423 2677 castella
1450 2618 1809 2695 Brigantum,

320 2695 400 2754 Ut
427 2696 772 2773 locupletem
800 2697 1044 2771 aquilam
1073 2698 1177 2755 tibi
1204 2698 1595 2772 sexagesimus
1622 2715 1810 2754 annus

322 2774 579 2844 Afferat3
624 2786 742 2846 aut,
770 2775 971 2851 longos
998 2787 1317 2832 castrorum
1347 2776 1491 2832 ferre
1518 2775 1742 2832 labores

323 2852 387 2908 Si
415 2853 574 2929 piget
602 2863 661 2910 et
687 2854 975 2928 trepidum
1002 2854 1227 2911 solvunt
1253 2854 1355 2910 tibi
1385 2872 1600 2910 cornua
1628 2860 1884 2910 ventrem

321 2929 475 2987 Cum
502 2931 658 2987 lituis
687 2932 900 3002 audita,
928 2950 1112 3006 pareS,
1142 2932 1293 3005 quod
1324 2933 1571 2988 vendere
1598 2931 1782 3008 possis

321 3006 512 3065 Pluris
539 3009 798 3079 dimidio,
827 3028 938 3066 nec
966 3019 1023 3066 te
1051 3009 1274 3065 fastidia
1299 3010 1508 3066 mercis

321 3085 509 3143 Ullius
538 3088 781 3145 subeant
808 3087 1143 3161 ablegandae
1171 3085 1434 3143 Tiberim
1462 3087 1609 3144 ultra
1633 3105 1647 3143 ε

320 3161 458 3220 Neu
486 3166 688 3222 credas
714 3165 1046 3240 ponendum
1077 3163 1290 3238 aliquid
1321 3164 1669 3222 discriminis
1695 3164 1846 3221 inter

319 3241 652 3317 Unguenta,
679 3253 739 3299 et
759 3244 996 3301 corium.
1078 3242 1254 3299 Lucri
1282 3243 1465 3300 bonus
1491 3254 1578 3300 est
1602 3244 1742 3301 odor
1768 3261 1841 3300 ex
1865 3260 1929 3300 re

316 3318 618 3379 Qualibet.
701 3320 809 3378 Illa
836 3331 934 3379 tuo
961 3320 1244 3378 sententia
1271 3340 1494 3397 semper
1524 3321 1584 3377 in
1612 3339 1711 3378 ore

318 3397 616 3469 Versetur,
648 3396 738 3456 dis
765 3410 932 3473 atque
962 3400 1085 3475 ipso
1111 3398 1253 3456 Jove
1283 3399 1478 3475 digna,
1506 3403 1728 3473 poetae:

317 3474 490 3532 Unde
518 3476 750 3547 habeas,
778 3477 980 3552 quaerit
1006 3496 1211 3546 nemo;
1255 3478 1355 3534 sed
1383 3486 1603 3551 oportet
1629 3474 1857 3531 habere.

317 3552 455 3610 Hoc
482 3566 800 3613 monstrant
830 3556 1030 3612 vetulae
1057 3556 1249 3631 pueris
1277 3553 1604 3629 repentibus
1632 3569 1773 3608 assae
1797 3568 1814 3609 ε

316 3630 453 3689 Hoc
480 3632 711 3691 discunt
734 3651 935 3690 omnes
962 3645 1094 3691 ante
1123 3633 1291 3708 alpha
1318 3644 1376 3689 et
1403 3633 1533 3689 beta
1558 3630 1779 3705 puellae.

316 3709 568 3783 Talibus
594 3712 906 3772 instantem
933 3711 1165 3771 monitis
1190 3728 1593 3786 quemcunque
1617 3717 1913 3786 parentem

2246 226 2324 283 79

2211 598 2320 655 170

2208 968 2322 1046 175

2205 1377 2318 1434 180

2203 1763 2318 1821 185

2202 2153 2318 2212 190

2202 2542 2406 2627 195,

2187 3704 2310 3764 210
