2613 4161
1120 251 1370 299 SATIRA
1406 252 1558 300 xm.

344 391 490 448 Haec
517 400 688 466 quota
712 409 844 466 pars
871 390 1173 461 scelerum,
1200 409 1328 466 quae
1351 401 1543 448 custos
1569 390 2024 450 GallicusUrbis

343 470 534 544 Usque
562 489 596 525 a
622 469 879 540 lucifero,
911 469 1095 526 donec
1122 470 1220 524 lux
1246 469 1492 540 occidat,
1525 470 1719 526 audit'l

342 547 603 603 Humani
630 547 858 621 generis
884 564 1070 603 mores
1099 547 1203 602 tibi
1231 545 1401 602 nosse
1432 546 1642 604 volenti

340 624 568 681 Sufficit
597 643 713 680 una
739 624 957 681 domus,
1041 625 1264 680 Paucos
1291 642 1569 680 consume
1597 624 1741 697 dies,
1769 635 1829 683 et

341 701 553 759 Dicere
581 714 638 759 te
664 701 955 772 miserum,
983 713 1280 775 postquam
1308 701 1466 758 illinc
1494 702 1735 773 veneriS,
1765 703 1930 761 aude.

339 780 494 841 Quis
521 779 804 835 tumidum
832 790 1024 853 guttur
1054 782 1287 834 miratur
1317 778 1377 835 in
1407 779 1694 853 Alpibus?
1736 791 1835 838 aut
1861 780 1990 855 quis

341 856 415 913 In
445 857 644 914 Meroe
674 874 866 912 crasso
893 856 1164 931 majorem
1191 856 1408 912 infante
1437 856 1784 913 mamillam?

342 935 575 991 Caerula
601 934 727 1008 quis
755 934 973 1008 stupuit
998 934 1274 990 Germani
1305 932 1543 1004 lumina,
1572 933 1774 990 flavam

341 1011 671 1082 Caesariem,
699 1022 758 1067 et
788 1011 1016 1066 madido
1045 1022 1399 1085 torquentem
1429 1028 1645 1066 cornua
1671 1013 1858 1068 cirro'l

341 1090 570 1164 Nempe
597 1087 753 1163 quod
782 1089 907 1144 haec
936 1089 1046 1144 illis
1075 1101 1278 1145 natura
1304 1099 1391 1145 est
1411 1088 1676 1145 omnibus
1704 1107 1833 1145 una.

347 1168 440 1223 Ad
471 1167 688 1223 subitas
715 1166 1013 1222 Thracum
1042 1166 1299 1223 volucres
1329 1166 1655 1239 nubemque
1682 1185 1946 1224 sonoram

342 1244 647 1319 Pygmaeus
672 1244 858 1319 parvis
884 1244 1061 1300 currit
1091 1244 1326 1299 bellator
1354 1243 1413 1299 in
1443 1244 1615 1300 armis
1639 1263 1651 1299 :

341 1321 484 1379 Mox
510 1323 691 1397 impar
721 1322 867 1378 hosti
894 1333 1194 1396 raptusque
1221 1321 1485 1396 per'aera
1506 1326 1694 1378 curvis

341 1399 652 1475 Unguibus
680 1419 715 1456 a
741 1399 892 1456 saev'a
920 1399 1095 1456 fertur
1122 1417 1279 1474 grue.
1365 1398 1429 1455 Si
1458 1399 1649 1455 videas
1677 1400 1788 1456 hoc

341 1477 630 1534 Gentibus
656 1477 717 1535 in
744 1477 969 1548 nostriS,
998 1478 1115 1533 risu
1143 1477 1431 1551 quatiare:
1474 1477 1576 1533 sed
1603 1475 1745 1548 illic,

341 1554 699 1629 Quanquam
725 1555 934 1611 eadem
961 1553 1191 1611 assidue
1221 1564 1549 1628 spectentur
1576 1554 1796 1629 proelia,
1822 1553 1972 1613 ridet

341 1630 552 1703 Nemo,
575 1632 675 1688 ubi
701 1641 819 1690 tota
843 1634 1045 1689 cohors
1072 1632 1219 1706 pede
1247 1650 1365 1689 non
1391 1641 1479 1688 est
1505 1631 1665 1688 altior
1691 1650 1825 1690 uno.

421 1708 677 1766 Nullane
702 1709 917 1785 perjuri
946 1709 1149 1784 capitis
1177 1709 1507 1782 fraudisque
1537 1708 1801 1766 nefandae

345 1785 525 1844 Poena
550 1788 697 1844 erit?
780 1787 1103 1862 Abreptum
1130 1786 1301 1842 crede
1331 1787 1487 1843 hunc
1515 1786 1771 1860 graviore
1797 1785 2000 1844 catena
2026 1796 2059 1841 Γ

342 1863 642 1937 ProtenuS,
669 1874 729 1921 et
756 1875 950 1922 nostro
980 1861 1144 1940 (quid
1170 1864 1298 1938 plus
1321 1863 1455 1919 velit
1482 1863 1629 1940 ira‘l)
1661 1863 1855 1920 necari

346 1942 599 2001 Arbitrio
624 1961 637 1999 :
680 1952 876 1999 manet
903 1941 1000 1999 illa
1033 1953 1226 1998 tamen
1251 1941 1492 2015 jactura,
1519 1958 1631 1996 nec
1662 1958 1929 2014 unquam*

342 2019 686 2096 Depositum
712 2020 817 2076 tibi
846 2039 1041 2096 sospes
1064 2019 1188 2075 erit.
1275 2019 1391 2075 Sed
1422 2037 1657 2093 corpore
1687 2028 1894 2075 trunco

341 2098 632 2158 Invidiosa
657 2099 815 2155 dabit
841 2099 1111 2155 minimus
1139 2097 1340 2155 solatia
1361 2098 1628 2171 sanguis:
1900 2101 1903 2104 ’

341 2177 424 2233 At
452 2177 706 2234 vindicta
731 2176 945 2233 bonum
973 2176 1087 2232 vita
1110 2175 1422 2250 jucundius
1450 2175 1589 2250 ipsa.

341 2252 569 2329 Nempe
598 2255 708 2311 hoc
735 2254 971 2325 indocti,
993 2271 1231 2328 quorum
1258 2252 1573 2327 praecordia
1601 2251 1774 2309 nullis

342 2331 647 2389 Interdum
674 2342 773 2389 aut
798 2331 1016 2390 levibus
1044 2331 1236 2387 videas
1263 2330 1563 2405 flagrantia
1589 2330 1796 2385 causis.

337 2408 870 2483 Quantulacunque
898 2406 1043 2467 adeo
1071 2418 1160 2465 est
1184 2408 1432 2478 occasio,
1461 2406 1671 2463 sufficit
1696 2406 1812 2462 irae.

340 2487 695 2563 Chrysippus
720 2506 836 2544 non
864 2488 1018 2543 dicet
1045 2486 1216 2558 idem,
1248 2503 1360 2542 nec
1388 2485 1523 2541 mite
1550 2483 1815 2541 Thaletis

340 2564 672 2640 Ingenium,
702 2564 967 2639 dulcique
995 2582 1172 2621 senex
1197 2563 1423 2619 vicinus
1451 2562 1745 2636 Hymett0,

337 2640 468 2701 Qui
494 2653 715 2717 partem
742 2654 993 2717 acceptae
1021 2660 1171 2698 saeva
1197 2642 1345 2699 inter
1372 2640 1561 2696 vincla
1587 2640 1793 2696 cicutae

341 2719 685 2778 Accusatori
712 2719 890 2778 nollet
916 2720 1069 2777 dare.
1150 2718 1404 2775 Plurima
1431 2717 1561 2774 felix

341 2795 627 2853 Paulatim
654 2796 790 2854 vitia
816 2807 983 2871 atque
1010 2814 1226 2853 errores
1253 2796 1410 2851 exuit
1434 2811 1654 2865 omneS‚

342 2873 536 2930 Prima
562 2875 732 2931 docet
757 2885 977 2931 rectum
1009 2874 1302 2947 Sapientia
1326 2891 1340 2929 ε
1382 2872 1589 2946 quippe
1617 2870 1823 2927 minuti

343 2952 583 3026 Semper
610 2962 669 3009 et
695 2951 905 3008 infirmi
931 2962 1018 3008 est
1038 2951 1212 3007 animi
1238 2949 1543 3025 exiguique
1571 2948 1827 3022 voluptas

341 3028 515 3085 Ultio.
598 3027 891 3086 Continuo
921 3029 1005 3084 sic
1033 3027 1261 3102 collige,
1290 3025 1447 3101 quod
1475 3026 1730 3082 vindicta

342 3103 535 3162 Nemo
561 3104 747 3181 magis
772 3106 1006 3181 gaudet,
1034 3102 1206 3178 quam
1235 3105 1484 3161 foemina.
1567 3103 1686 3159 Cur
1714 3112 1906 3158 tamen
1934 3101 2038 3159 hos
2062 3110 2128 3157 tu

343 3181 607 3239 Evasisse
633 3194 818 3258 puteS,
847 3201 989 3257 quos
1018 3182 1123 3238 diri
1152 3182 1384 3238 conscia
1412 3181 1547 3237 facti

343 3257 517 3316 Mens
547 3261 717 3317 habet
745 3260 1031 3331 attonitOS,
1058 3269 1117 3316 et
1143 3259 1315 3316 surdo
1341 3259 1571 3315 verbere
1599 3257 1789 3327 caedit,

342 3336 659 3395 Occultum
686 3338 976 3412 quatiente
1003 3337 1195 3393 animo
1222 3346 1430 3393 tortore
1458 3335 1783 3410 flagellum?

343 3414 525 3472 Poena
553 3430 744 3472 autem
773 3416 1080 3472 vehemens
1109 3433 1178 3470 ac
1205 3414 1384 3469 multo
1411 3412 1609 3469 saevior
1639 3411 1770 3480 illis,

339 3491 514 3552 Quas
541 3502 600 3549 et
627 3493 917 3549 Caedicius
945 3492 1131 3566 gravis
1158 3491 1394 3559 invenit,
1422 3500 1480 3545 et
1507 3487 1989 3543 Rhadamanthus

342 3569 535 3627 Nocte
563 3570 769 3645 dieque
798 3587 967 3625 suum
995 3580 1220 3643 gestare
1248 3568 1309 3622 in
1332 3576 1561 3640 pectore
1588 3573 1809 3619 testem.
1860 3629 1863 3634 .

343 3646 628 3723 Spartano
655 3648 889 3704 cuidam
915 3644 1207 3719 respondit
1233 3642 1441 3717 Pythia
1469 3651 1628 3696 vates
1653 3656 1668 3695 ε

345 3723 523 3782 Haud
550 3724 896 3801 impunitum
922 3723 1211 3798 quondam
1238 3720 1378 3790 fore,
1406 3714 1560 3791 quod
1587 3714 1874 3773 dubitaret

2212 627 2327 686 160

2215 1014 2329 1070 165

2215 1400 2330 1458 170

2213 1786 2330 1845 175

2129 2174 2326 2253 *teu

2215 2561 2331 2619 185

2068 2945 2329 3002 ··19o

2211 3328 2421 3389 195·
