2613 4161
321 264 406 327 80
951 266 1016 314 D.
1051 263 1247 314 JUNII
1279 261 1676 312 mVENALls

323 407 424 463 Sic
450 425 675 483 possem
703 407 861 464 affari
886 424 899 463 z
941 405 1076 478 Dic,
1103 425 1140 463 o
1165 405 1488 475 vanissime,
1517 403 1644 477 quis
1669 412 1728 460 te

321 484 619 542 Festinare
641 485 845 561 jubet?
887 484 1183 541 meliorem
1209 494 1415 558 praesto
1442 482 1715 557 magistro

321 563 703 639 Discipulum.
765 564 1040 620 ,Securus
1068 563 1160 618 abi
1185 581 1198 617 :
1240 559 1508 631 vinceris,
1536 570 1601 616 ut
1628 559 1781 635 Ajax

321 640 604 698 Proeteriit
630 641 1028 711 Telamonem,
1058 651 1122 696 ut
1148 639 1323 696 Pelea
1348 638 1487 695 vicit
1516 637 1792 695 Achilles.

321 718 684 776 Parcendum
711 718 956 776 teneris:
997 719 1253 775 nondum
1283 714 1591 792 implevere
1618 715 1899 772 medullas

323 795 566 854 Maturae
595 798 745 854 mala
770 795 1057 870 nequitiae.
1137 794 1343 856 Quum
1360 803 1599 869 ‘pectere
1625 793 1859 851 barbam

321 873 575 949 Coeperit
601 886 660 932 et
686 874 846 949 longi
873 891 1206 931 mucronem
1234 874 1533 929 admittere
1560 870 1750 943 cultri,

320 950 525 1009 Falsus
551 953 659 1010 erit
684 953 862 1023 testiS,
890 952 1098 1008 vendet
1121 951 1370 1027 perjuria
1394 950 1621 1007 summa

320 1028 548 1105 Exigua
574 1041 633 1087 et
659 1031 887 1088 Cereris
913 1040 1157 1104 tangens
1184 1045 1453 1102 aramque
1478 1028 1815 1104 pedemque.

321 1105 543 1164 Elatam
568 1109 685 1183 jam
713 1109 884 1165 crede
911 1125 1139 1178 nurum,
1168 1107 1215 1163 si
1243 1107 1442 1164 limina
1466 1116 1652 1163 vestra

320 1182 617 1242 Mortifera
646 1205 780 1242 cum
808 1187 938 1242 dote
966 1185 1135 1241 subit.
1215 1183 1453 1245 Quibus
1480 1184 1578 1240 illa
1603 1190 1892 1259 premetur

320 1261 430 1318 Per
458 1282 722 1320 somnum
752 1264 976 1338 digitis!
1019 1282 1154 1319 nam
1181 1279 1309 1336 quae
1338 1263 1603 1337 terraque
1630 1262 1886 1337 marique

319 1339 691 1417 Acquirenda
714 1353 900 1417 putas,
928 1341 1147 1398 brevior
1174 1340 1264 1396 via
1290 1341 1547 1397 conferet
1573 1339 1672 1396 illi.

319 1415 533 1474 Nullus
559 1420 711 1475 enim
739 1419 933 1494 magni
960 1418 1189 1475 sceleris
1210 1417 1385 1475 labor.
1469 1418 1618 1475 Haec
1644 1434 1753 1493 ego
1778 1433 2072 1495 nunquam

319 1492 386 1549 M
390 1495 613 1569 andavi,
642 1497 801 1553 dices
826 1497 982 1568 olim,
1007 1514 1117 1552 nec
1144 1495 1280 1553 talia
1306 1496 1478 1552 suasi.

319 1567 536 1632 Mentis
563 1593 737 1632 causa
762 1577 926 1632 malae
956 1584 1146 1631 tamen
1175 1584 1260 1631 est
1281 1584 1341 1631 et
1364 1574 1525 1648 origo
1549 1590 1729 1647 penes
1753 1582 1830 1631 te.

319 1647 475 1709 Nam
503 1653 755 1727 quisquis
782 1652 977 1727 magni
1005 1652 1214 1709 census
1239 1652 1513 1727 praecepit
1538 1666 1811 1725 amorem,

320 1725 406 1788 Et
434 1731 576 1788 laevo
603 1731 822 1788 monitu
848 1748 1056 1805 pueros
1079 1729 1347 1805 producit
1374 1747 1592 1799 avaros,

319 1811 396 1869 Et
422 1809 518 1884 qui
544 1826 647 1884 per
675 1809 900 1865 fraudes
925 1808 1265 1883 patrimonia
1291 1806 1699 1882 conduplicare

319 1888 437 1946 Dat
462 1886 799 1959 libertatem,
828 1896 887 1943 et
914 1896 1060 1943 totas
1087 1886 1330 1943 effundit
1360 1886 1616 1942 habenas

318 1965 656 2023 Curriculo:
698 1984 865 2039 quem
894 1964 942 2020 si
969 1983 1223 2035 revoceS,
1250 1964 1556 2021 subsistere
1584 1963 1789 2036 nescit,

318 2043 396 2102 Et
422 2055 479 2100 te
506 2052 830 2117 contempto
855 2043 1070 2117 rapitur
1097 2043 1375 2117 metisque
1401 2042 1632 2100 relictis.

318 2121 510 2179 Nemo
538 2119 675 2178 satis
701 2121 884 2177 credit
904 2118 1127 2177 tantum
1158 2120 1509 2195 delinquere,
1538 2116 1817 2195 quantum

318 2199 620 2256 Permittas
644 2218 657 2255 :
700 2196 844 2256 adeo
873 2197 1173 2272 indulgent
1199 2197 1309 2254 sibi
1335 2196 1506 2255 latius
1533 2199 1657 2274 ipsi.

314 2277 519 2338 Quum
549 2277 694 2334 dicis
714 2276 930 2351 juveni,
959 2277 1214 2346 stultum,
1242 2276 1338 2351 qui
1367 2277 1542 2334 donet
1570 2276 1777 2348 amico,

315 2355 443 2416 Qui
468 2366 858 2430 paupertatem
886 2356 1035 2411 levet
1062 2353 1388 2428 attollatque
1415 2354 1750 2429 propinqui3

317 2433 395 2491 Et
421 2431 662 2507 spoliare
690 2433 885 2503 doces,
914 2443 973 2489 et
999 2432 1489 2503 circumscribere,
1511 2442 1570 2488 et
1594 2432 1753 2489 omni

317 2510 575 2567 Crimine
603 2510 824 2566 divitias
852 2511 1162 2584 acquirere,
1191 2528 1428 2585 quarum
1455 2527 1611 2567 amor
1638 2510 1699 2567 in
1727 2520 1805 2581 te,

240 2643 246 2649 .
315 2588 591 2648 Quantus
616 2597 739 2645 erat
762 2588 957 2662 patriae
986 2587 1296 2645 Deciorum
1324 2588 1385 2645 in
1413 2596 1662 2663 pectore,
1692 2585 1969 2661 quantum

318 2665 536 2723 Dilexit
562 2665 818 2735 Thebas,
846 2665 893 2721 si
922 2665 1147 2722 Graecia
1174 2684 1328 2737 vera,
1358 2664 1730 2723 Menoeceus:

320 2742 392 2800 In
421 2761 659 2817 quorum
687 2743 861 2800 sulcis
885 2744 1140 2818 legiones
1167 2745 1434 2801 dentibus
1461 2744 1667 2818 anguis

318 2822 471 2878 Cum
495 2821 713 2897 clypeis
739 2831 1072 2893 nascuntur,
1101 2832 1160 2878 et
1188 2822 1420 2879 horrida
1445 2820 1595 2877 bella
1620 2832 1929 2897 capessunt

318 2897 633 2971 Continuo,
655 2909 922 2973 tanquam
951 2910 1011 2956 et
1038 2900 1271 2956 tubicen
1300 2900 1612 2957 surrexerit
1638 2898 1773 2958 una.

317 2974 475 3053 Ergo
498 2978 712 3054 ignem,
741 2977 907 3052 cujus
933 2977 1208 3035 scintillas
1236 2978 1357 3053 ipse
1385 2977 1614 3048 dedisti,

317 3056 683 3131 Flagrantem
710 3051 825 3112 late
852 3064 911 3112 et
936 3056 1248 3130 rapientem
1278 3065 1493 3112 cuncta
1517 3054 1753 3112 videbis.

315 3133 376 3190 N
378 3153 447 3191 eo
476 3135 579 3192 tibi
604 3144 869 3210 parcetur
895 3134 1121 3206 misero,
1150 3133 1544 3209 trepidumque
1572 3133 1907 3208 magistrum

315 3211 388 3271 In
417 3213 595 3269 cavea
622 3230 835 3287 magno
862 3211 1089 3270 fremitu
1117 3213 1207 3269 leo
1232 3212 1390 3269 tollet
1416 3212 1699 3269 alumnus.

394 3288 553 3347 Nota
578 3289 995 3348 mathematicis
1020 3290 1249 3365 genesis
1269 3300 1369 3347 tua
1388 3304 1423 3346 z·
1444 3290 1545 3346 sed
1573 3307 1744 3365 grave
1769 3289 1964 3347 tardas

316 3364 664 3441 Exspectare
690 3368 867 3426 colus.
951 3367 1220 3425 Morieris
1246 3367 1490 3425 stamine
1512 3368 1771 3425 nondum

316 3444 595 3519 Abrupto.
676 3445 715 3500 J
718 3465 809 3502 am
840 3464 997 3504 nunc
1024 3446 1214 3504 obstas
1239 3456 1299 3503 et
1326 3454 1454 3503 vota
1478 3446 1752 3503 moraris:

314 3520 353 3579 J
357 3540 449 3577 am
476 3533 695 3595 torquet
715 3524 982 3599 juvenem
1009 3524 1180 3601 longa
1205 3535 1263 3582 et
1284 3524 1517 3581 cervina
1540 3534 1828 3582 senectus·

314 3596 500 3655 Ocius
527 3599 898 3676 Archigenen
926 3620 1134 3676 quaere,
1164 3613 1331 3677 atque
1357 3619 1505 3674 eme,
1531 3604 1683 3677 quod
1705 3600 2072 3660 Mithridates

315 3676 669 3750 Composuit,
696 3678 746 3733 si
774 3678 856 3733 vis
883 3679 1053 3735 aliam
1082 3682 1391 3755 decerpere
1417 3680 1612 3754 ficum,

321 3752 508 3826 Atque
534 3752 676 3809 alias
702 3763 944 3811 tractare
970 3773 1143 3813 rosas.
1227 3757 1596 3817 Medicamen
1625 3758 1954 3818 habendum
1980 3768 2089 3832 est,

2166 786 2169 789 ,
2188 716 2317 775 215

2187 2665 2310 2724 mo
