2613 4161
1132 214 1382 264 SATIRA
1417 215 1541 264 XII.

345 355 463 411 Sed
490 353 626 411 vitio
655 354 795 411 caeci
823 367 1050 430 propter
1076 357 1418 430 patrimonia
1445 356 1654 414 vivunt.

344 431 606 488 Jactatur
634 452 823 489 rerum
854 433 1079 489 utilium
1106 454 1235 509 pars
1266 435 1546 492 maxima:
1588 435 1688 492 sed
1717 454 1829 493 nec

345 510 574 566 Damna
601 511 806 567 levant.
891 510 1086 583 Tunc,
1116 513 1367 568 adversis
1394 513 1750 587 urgentibus,
1779 511 1919 572 illinc

345 588 603 658 Recidit,
632 600 693 645 ut
718 589 932 645 malum
960 588 1105 646 ferro
1133 590 1510 661 submitteret,
1542 610 1611 647 ac
1639 611 1701 648 se

346 667 608 742 Explicat
636 678 957 741 angustum.
1038 667 1406 724 Discriminis
1435 668 1633 726 ultima
1659 670 1888 745 quando

346 745 622 802 Praesidia
648 744 955 816 afferimus,
984 764 1188 802 navem
1219 747 1442 803 factura
1468 747 1765 805 minorem.

348 823 375 879 Ι
407 842 583 895 nunc,
612 834 670 880 et
698 824 881 880 ventis
909 823 1160 880 animam
1186 823 1499 896 committe,
1528 825 1718 883 dolato

347 901 616 958 Confisus
643 901 822 976 ligno,
855 901 1049 976 digitis
1078 920 1112 957 a
1138 912 1318 958 morte
1346 914 1595 959 remotus

344 979 630 1051 Quatuor,
659 990 758 1037 aut
786 990 1024 1054 septem,
1054 979 1101 1036 si
1130 980 1202 1036 sit
1228 979 1501 1037 latissima
1526 980 1708 1038 taedal

345 1057 485 1114 Mox
514 1076 647 1114 cum
673 1057 947 1129 reticuliS,
976 1069 1034 1115 et
1060 1076 1228 1133 pane,
1258 1070 1317 1116 et
1346 1069 1540 1115 ventre
1568 1059 1807 1134 lagenae,

346 1136 600 1210 Adspice
628 1137 934 1193 sumendas
963 1136 1020 1193 in
1052 1147 1385 1212 tempestate
1413 1155 1661 1195 secures

346 1215 461 1270 Sed
491 1224 783 1288 postquam
807 1215 987 1289 jacuit
1013 1214 1249 1289 planum
1275 1233 1450 1285 mare,
1480 1225 1736 1291 tempora
1759 1228 2057 1293 postquam

345 1293 625 1367 Prospera
647 1293 904 1364 vectoriS,
929 1293 1214 1367 fatumque
1244 1293 1525 1351 valentius
1552 1294 1709 1352 Euro

345 1370 422 1427 Et
447 1370 667 1445 pelago,
696 1381 989 1446 postquam
1017 1369 1212 1428 Parcae
1241 1372 1478 1429 meliora
1505 1372 1755 1448 benigna

343 1449 532 1505 Pensa
558 1467 733 1505 manu
760 1448 979 1506 ducunt
1006 1449 1229 1520 hilareS,
1258 1461 1316 1507 et
1343 1450 1602 1507 staminis
1632 1451 1745 1508 albi

342 1526 636 1599 Lanificae,
665 1527 893 1584 modica
914 1546 1023 1584 nec
1048 1525 1292 1585 multum
1323 1529 1513 1586 fortior
1540 1529 1680 1586 aura

342 1605 568 1662 Ventus
595 1606 756 1663 adest
779 1624 792 1662 ε
836 1606 991 1681 inopi
1018 1606 1354 1663 miserabilis
1381 1618 1500 1664 arte
1529 1607 1781 1665 cucurrit

341 1683 615 1741 Vestibus
641 1685 904 1756 extentiS,
933 1696 1010 1755 et,
1038 1685 1189 1758 quod
1218 1695 1578 1759 superaverat
1604 1704 1805 1759 unum,

338 1762 488 1820 Velo
515 1781 679 1838 prora
705 1781 826 1821 suo.
909 1762 946 1818 J
951 1782 1040 1819 am
1069 1762 1467 1820 deficientibus
1495 1763 1743 1837 AustriS,

342 1840 489 1915 Spes
515 1840 643 1897 vitae
671 1860 802 1897 cum
832 1841 949 1898 sole
977 1841 1155 1898 redit:
1197 1851 1318 1910 turn
1345 1852 1538 1916 gratus
1565 1840 1713 1913 Iulo,

340 1919 533 1993 Atque
561 1920 847 1977 novercali
876 1918 1041 1987 sedes
1067 1919 1296 1993 praelata
1323 1919 1558 1989 Lavin0,

342 1997 706 2072 Conspicitur
733 1996 990 2055 sublimis
1020 2016 1180 2073 apex,
1210 1997 1304 2054 cui
1334 1999 1581 2054 candida
1606 2016 1816 2055 nomen

343 2076 543 2134 Scrofa
569 2076 745 2150 dedit,
774 2076 918 2134 laetis
944 2075 1264 2152 Phrygibus
1291 2076 1551 2134 mirabile
1579 2095 1803 2151 sumen,

341 2154 417 2211 Et
443 2173 735 2230 nunquam
762 2156 896 2212 visis
922 2155 1155 2231 triginta
1181 2155 1336 2213 clara
1361 2155 1644 2213 mamillis

341 2232 612 2289 Tandem
640 2234 811 2291 intrat
834 2234 1046 2309 positas
1072 2233 1295 2291 inclusa
1320 2253 1420 2310 per
1449 2253 1673 2308 aequora
1698 2234 1896 2306 moleS,

341 2311 816 2386 Tyrrhenamque
843 2312 1089 2383 Pharon,
1119 2324 1489 2388 porrectaque
1517 2313 1750 2369 brachia
1775 2332 2020 2387 rursum,

338 2390 495 2450 Quae
523 2390 725 2466 pelago
750 2402 1060 2448 occurrunt
1086 2391 1295 2462 medio,
1324 2388 1608 2466 longeque
1635 2392 1966 2465 relinquunt

341 2468 588 2525 Italiam.
669 2467 806 2526 Non
835 2470 918 2526 sic
946 2468 1117 2545 igitur
1144 2469 1423 2527 mirabere
1450 2480 1660 2544 portuS,

338 2548 510 2608 Quos
539 2558 738 2606 natura
764 2548 936 2605 dedit.
1022 2548 1138 2605 Sed
1165 2549 1371 2606 trunca
1398 2567 1585 2624 puppe
1615 2548 1883 2625 magister

342 2625 622 2683 Interiora
646 2625 786 2701 petit
812 2625 1044 2683 Baianae
1071 2627 1262 2702 pervia
1288 2628 1506 2701 cymbae

341 2703 485 2760 Tuti
514 2715 715 2779 stagna
744 2704 920 2762 sinus.
1001 2705 1272 2763 Gaudent
1300 2706 1380 2762 ibi
1407 2707 1616 2764 vertice
1640 2725 1766 2765 raso

339 2782 588 2839 Garrula
614 2783 800 2840 securi
828 2801 1056 2840 narrare
1085 2783 1336 2859 pericula
1362 2795 1569 2843 nautae.

341 2859 431 2916 Ite
459 2860 650 2935 igitur,
678 2861 858 2935 pueri,
885 2861 1097 2937 linguis
1125 2861 1438 2937 animisque
1468 2863 1738 2937 faventeS,

343 2940 619 3013 Sertaque
648 2938 901 2996 delubris
928 2950 986 2997 et
1014 2941 1160 2997 farra
1186 2941 1457 3016 imponite
1486 2942 1701 3014 cultriS‚

341 3017 437 3072 Ac
466 3017 666 3074 molles
690 3028 887 3075 ornate
917 3018 1072 3075 focos
1098 3017 1433 3094 glebamque
1455 3020 1764 3079 virentem:

340 3093 378 3150 J
383 3113 471 3150 am
504 3113 728 3170 sequar,
756 3106 815 3153 et
839 3114 1020 3167 sacro,
1048 3098 1197 3171 quod
1223 3108 1470 3171 praestat,
1498 3097 1607 3155 rite
1635 3109 1886 3175 peracto,

342 3170 491 3229 Inde
521 3174 753 3230 domum
780 3185 1051 3249 repetam,
1079 3174 1321 3248 graciles
1349 3176 1445 3233 ubi
1473 3195 1647 3252 parva
1672 3195 1912 3234 coronas

348 3250 661 3325 Accipiunt
689 3251 872 3327 fragili
899 3251 1204 3309 simulacra
1230 3253 1471 3311 nitentia
1496 3254 1648 3312 cera.

345 3328 463 3385 Hic
491 3340 746 3386 nostrum
771 3330 1008 3405 placabo
1034 3329 1607 3407 Jovem„laribusque
1634 3331 1889 3407 paternis

343 3406 548 3464 Thura
577 3407 747 3478 dab0‚
779 3419 945 3482 atque
971 3428 1170 3466 omnes
1201 3409 1365 3466 violae
1386 3410 1615 3485 jactabo
1641 3409 1876 3466 colores.

340 3484 573 3542 Cuncta
599 3485 816 3543 nitent:
857 3487 1054 3563 longos
1081 3488 1259 3544 erexit
1282 3483 1462 3562 janua
1487 3504 1692 3558 ramos,

341 3562 417 3618 Et
444 3563 737 3620 matutinis
763 3576 1025 3639 operatur
1053 3566 1195 3622 festa
1221 3565 1489 3620 lucernis.

421 3639 553 3697 Nec
582 3653 846 3716 suspecta
871 3642 974 3698 tibi
1003 3642 1115 3699 sint
1143 3644 1286 3713 haec,
1312 3642 1575 3698 Corvine.
1659 3639 1941 3714 Catullus,

342 3718 452 3776 Pro
480 3719 646 3794 cujus
673 3718 857 3776 reditu
884 3730 967 3777 tot
992 3739 1143 3795 pono
1170 3719 1387 3791 altaria,
1415 3737 1613 3794 parvos

2239 220 2320 277 67

2241 1609 2322 1667 65

2243 2003 2321 2061 70

2241 2395 2323 2452 75
