2613 4161
1060 215 1332 296 'SATIRA
1365 216 1516 266 XVI.

302 358 522 416 Sidere.
598 357 737 415 Plus
761 356 979 415 etenim
1005 356 1107 415 fini
1130 356 1281 415 valet
1306 357 1450 416 hora
1477 357 1733 434 benigni,

298 436 499 498 Quam
528 435 576 492 si
618 454 724 494 nos
764 435 1013 492 Veneris
1037 437 1406 494 commendet
1432 438 1670 512 epistola
1696 436 1892 512 Marti,

299 515 375 572 Et
405 513 603 572 Samia
631 514 879 588 genitrix
906 532 1031 587 quae
1059 514 1374 571 delectatur
1401 515 1595 572 arena.

378 593 699 651 Commoda
725 601 1034 648 tractemus
1060 589 1306 666 primum
1335 593 1684 664 communia,
1715 611 1955 668 quorum

300 671 476 727 Haud
505 669 805 726 minimum
832 669 973 726 illud
1000 671 1126 742 erit,
1154 689 1230 726 ne
1255 680 1313 726 te
1340 670 1565 744 pulsare
1586 682 1817 747 togatus

301 749 567 816 Audeat3
614 748 806 819 immo,
834 748 941 804 etsi
967 748 1241 822 pulsetur,
1269 747 1608 820 dissimulet,
1637 769 1749 807 nec

301 828 532 883 Audeat
557 844 826 882 excussos
853 825 1088 883 Praetori
1108 826 1411 883 ostendere
1439 827 1659 899 dentes,

301 905 378 961 Et
407 905 628 979 nigram
659 903 719 959 in
748 903 895 960 facie
923 904 1157 960 tumidis
1182 903 1454 960 livoribus
1479 904 1671 976 offam,

302 983 493 1056 Atque
519 980 750 1038 oculum
778 981 1005 1038 medico
1039 981 1119 1038 nil
1146 980 1510 1056 promittente
1536 982 1816 1040 relictum.

302 1060 621 1116 Bardaicus
642 1059 821 1134 judex
849 1059 1014 1115 datur
1043 1060 1169 1116 haec
1196 1059 1403 1134 punire
1431 1058 1642 1118 volenti

303 1137 570 1208 CalceuS,
599 1148 657 1192 et
684 1138 930 1211 grandes
958 1156 1165 1212 magna
1193 1137 1265 1193 ad
1295 1137 1566 1194 subsellia
1591 1156 1761 1212 surae,

303 1214 557 1289 Legibus
586 1215 831 1288 antiquis
859 1225 1172 1272 castrorum
1220 1225 1280 1272 et
1305 1233 1462 1273 more
1492 1214 1724 1275 Camilli

306 1293 562 1363 Servato,
591 1292 754 1348 miles
782 1310 856 1348 ne
883 1293 1090 1349 vallum
1119 1293 1302 1367 litiget
1327 1304 1490 1350 extra

305 1370 380 1427 Et
407 1370 604 1444 procul
634 1389 668 1426 a
694 1370 890 1445 signis.
973 1370 1009 1427 J
1015 1371 1299 1427 ustissima
1328 1371 1748 1431 Centurionum

306 1448 580 1522 Cognitio
607 1459 693 1504 est
721 1448 892 1522 igitur
920 1449 993 1505 de
1021 1448 1230 1516 milite;
1253 1456 1387 1505 ‘nec
1414 1448 1555 1506 mihi
1582 1450 1765 1506 deerit

306 1526 478 1597 Ultio,
508 1526 557 1583 si
579 1526 746 1600 justae
775 1525 1023 1582 defertur
1050 1545 1225 1582 causa
1251 1526 1514 1600 querelae.

306 1603 463 1661 Tota
489 1605 693 1661 cohors
718 1613 914 1660 tamen
942 1614 1028 1660 est
1054 1604 1308 1673 inimica,
1335 1621 1647 1678 omnesque
1673 1602 1909 1679 manipli

306 1681 610 1738 Consensu
640 1698 851 1755 magno
880 1680 1156 1752 efficiunt,
1185 1680 1454 1737 curabilis
1482 1691 1545 1738 ut
1571 1682 1643 1738 sit

305 1759 581 1817 Vindicta
607 1769 668 1816 et
693 1758 936 1833 gravior,
963 1756 1136 1832 quam
1164 1757 1386 1832 injuria.
1468 1758 1728 1833 Dignum
1754 1758 1863 1816 erit
1887 1755 2026 1833 ergo

306 1836 721 1894 Declamatoris
748 1835 967 1892 mulino
992 1836 1163 1892 corde
1191 1833 1440 1910 Vagelli,

304 1915 509 1975 Quum
538 1914 653 1972 duo
680 1932 849 1971 crura
875 1912 1105 1985 habeas,
1131 1913 1422 1970 offendere
1448 1922 1531 1969 tot
1556 1912 1789 1988 caligas,
1817 1922 1900 1971 tot

309 1991 494 2049 Millia
521 1992 828 2049 clavorum.
907 1990 1062 2052 Quis
1089 2001 1206 2048 tam
1231 1991 1429 2066 procul
1459 1990 1607 2048 absit
1633 1991 1705 2047 ab
1733 1989 1888 2048 Urbe
1908 1992 1935 2048 'l

308 2070 592 2128 Praeterea
618 2070 745 2144 quis
771 2079 888 2127 tarn
914 2068 1174 2144 PyladeS,
1202 2069 1410 2127 molem
1438 2069 1661 2146 aggeris
1689 2068 1836 2128 ultra

308 2148 385 2206 Ut
412 2149 641 2206 veniat'l
682 2148 947 2223 lacrymae
975 2148 1261 2206 siccentur
1286 2158 1578 2223 protenus,
1607 2157 1666 2206 et
1693 2166 1754 2204 se

308 2226 698 2284 Excusaturos
725 2245 842 2283 non
872 2227 1241 2283 sollicitemus
1268 2226 1500 2283 amicos·

309 2305 405 2363 Da
432 2315 658 2376 testem,
682 2304 862 2380 judex
888 2323 1064 2378 quum
1093 2304 1331 2361 dixerit:
1375 2304 1584 2360 audeat
1612 2302 1728 2375 ille,

309 2382 531 2441 Nescio
557 2384 704 2457 quiS,
732 2400 953 2457 pugnos
980 2383 1077 2457 qui
1106 2382 1262 2453 vidit,
1294 2382 1508 2451 dicere,
1539 2381 1675 2438 Vidi
1699 2383 1724 2437 ’ἔ

316 2462 387 2518 Et
417 2463 649 2518 credam
679 2460 916 2535 dignum
944 2460 1140 2532 barba,
1170 2461 1522 2535 dignumque
1549 2458 1770 2534 capillis

313 2538 616 2614 Majorum.
699 2535 887 2595 Citius
915 2538 1115 2595 falsum
1144 2538 1459 2613 producere
1486 2547 1687 2594 testem

309 2617 530 2675 Contra
555 2634 842 2692 paganum
868 2616 1068 2691 possis,
1096 2614 1270 2690 quam
1296 2633 1430 2673 vera
1458 2615 1783 2689 loquentem

309 2694 530 2753 Contra
557 2695 837 2751 fortunam
866 2695 1085 2766 armati,
1114 2704 1423 2768 contraque
1449 2694 1740 2769 pudorem.

310 2772 556 2830 Praemia
583 2790 741 2829 nunc
767 2771 895 2844 alia,
919 2781 1085 2846 atque
1112 2771 1224 2829 alia
1249 2771 1635 2829 emolumenta
1660 2780 1924 2829 notemus

314 2852 834 2908 Sacramentorum.
916 2850 1250 2922 Convallem
1278 2849 1425 2906 ruris
1452 2848 1585 2906 aviti

313 2928 632 3005 Improbus,
661 2939 759 2986 aut
785 2946 1050 3002 campum
1078 2928 1218 2984 mihi
1248 2927 1297 2984 si
1323 2927 1547 2983 vicinus
1574 2926 1784 2985 ademit

312 3008 389 3063 Et
416 3025 645 3063 sacrum
670 3005 868 3063 effodit
893 3005 1084 3064 medio
1109 3006 1181 3061 de
1208 3005 1388 3062 limite
1417 3023 1641 3076 saxum,

307 3084 490 3144 Quod
518 3103 646 3141 mea
671 3102 805 3139 cum
832 3083 1021 3140 vetulo
1047 3082 1224 3140 coluit
1249 3084 1376 3158 puls
1404 3102 1596 3139 annua
1620 3082 1769 3152 libo;

311 3161 552 3219 Debitor
583 3172 680 3219 aut
707 3171 960 3236 sumptos
984 3160 1170 3236 pergit
1196 3180 1314 3218 non
1341 3162 1578 3218 reddere
1606 3178 1890 3234 nummos»,

310 3240 481 3297 Vana
508 3239 842 3315 supervacui
870 3239 1070 3297 dicens
1091 3240 1467 3315 chirographa
1491 3238 1668 3314 ligni:

310 3318 745 3393 Exspectandus
773 3318 898 3389 erit,
926 3316 1025 3392 qui
1050 3318 1177 3374 lites
1204 3318 1453 3389 inchoet,
1483 3335 1669 3374 annus

311 3396 523 3454 Totius
550 3396 783 3471 populi:
825 3364 926 3452 se'd
952 3406 1095 3452 tunc
1122 3414 1345 3470 quoque
1372 3363 1528 3451 mille
1552 3393 1797 3450 ferenda

311 3475 541 3545 Taedia,
572 3474 724 3530 mille
750 3491 963 3562 morae3
1004 3473 1173 3531 toties
1200 3474 1470 3530 subsellia
1497 3467 1722 3528 tantum

312 3519 703 3619 Sternubtur3
742 3550 861 3626 jam
891 3551 1138 3608 facundo
1165 3561 1416 3626 ponente
1442 3549 1704 3605 lacernas

310 3629 595 3700 Caedicio,
623 3638 683 3685 et
709 3628 942 3685 Fusco
922 3647 1039 3703 Jam
1070 3628 1453 3698 micturiente,
1481 3626 1664 3701 parati

310 3708 707 3786 Digredimur,
733 3706 1001 3781 lentaque
1029 3706 1133 3764 fori
1158 3723 1484 3781 pugnamus
1510 3703 1687 3762 arena

2222 794 2339 886 ω’

2218 1216 2292 1274 15

2215 2382 2293 2439 30

2218 3157 2299 3216 40

2219 3543 2299 3602 45
