2613 4161
1099 248 1351 300 SATIR'A
1385 253 1454 300 11.
2188 256 2279 313 95⁴

280 395 437 456 Quae
463 393 575 452 nisi
602 392 857 451 seductis
883 409 1136 467 nequeas
1162 392 1521 452 committere
1545 392 1708 451 divis.

285 474 368 530 At
394 473 546 531 bona
570 492 699 548 pars
724 490 1024 549 procerum
1053 472 1228 529 tacita
1254 473 1454 529 libavit
1480 472 1693 529 acerra.
2225 475 2265 532 5

288 552 462 609 Haud
491 551 672 607 cuivis
699 560 1019 626 promptum
1060 562 1165 621 est,
1204 568 1573 625 murmurque
1615 550 1969 625 humilesque
2009 569 2266 610 susurros

287 629 519 688 Tollere
547 630 620 685 de
647 629 872 703 temple,
900 638 958 684 et
989 640 1181 703 aperto
1209 629 1396 686 vivere
1424 640 1573 687 voto.

289 707 461 765 Mens
490 707 657 778 bona,
688 708 856 778 fama,
880 706 1039 777 fides,
1069 707 1195 762 haec
1217 704 1395 778 clare,
1424 718 1483 764 et
1509 717 1572 764 ut
1599 705 1795 764 audiat
1820 707 2058 781 hospes:

289 786 398 843 Illa
423 785 530 843 sibi
559 786 863 843 introrsum
892 796 950 841 et
977 787 1083 841 sub
1108 785 1310 860 lingua
1337 785 1733 842 immurmurat
1756 804 1770 841 :
1812 785 1869 843 O
1896 786 1946 843 si

289 864 504 920 Ebullit
530 874 782 938 patruus,
810 864 1148 937 praeclarum
1177 864 1380 919 funus!
1424 875 1502 933 et,
1529 864 1587 920 Ο
1615 864 1662 919 si
2198 866 2268 921 10

293 942 417 999 Sub
442 953 623 998 rastro
650 952 846 1016 crepet
872 941 1094 1016 argenti
1121 941 1262 998 mihi
1290 941 1460 1012 seria,
1492 942 1690 1019 dextro

292 1019 577 1076 Hercule!
620 1020 966 1094 pupillumve
997 1019 1235 1091 utinam,
1264 1038 1435 1093 quem
1465 1020 1753 1093 proximus
1781 1020 1964 1076 haeres

292 1098 552 1173 Impello‚
583 1115 937 1173 expungam:
980 1116 1221 1172 namque
1251 1108 1340 1154 est
1366 1098 1679 1168 scabiosuS,
1703 1109 1761 1154 et
1788 1098 1907 1154 acri

294 1176 418 1232 Bile
449 1187 644 1233 tumet.
727 1175 907 1232 Nerio
928 1175 1046 1250 jam
1077 1177 1241 1232 tertia
1268 1176 1497 1233 ducitur
1524 1176 1697 1232 uxor!

295 1254 441 1310 Haec
469 1252 669 1311 sancte
699 1265 760 1310 ut
786 1272 1006 1328 posca5‚
1035 1252 1318 1310 Tiberino
1346 1254 1405 1310 in
1434 1254 1658 1330 gurgite
1686 1253 1897 1329 mergis
2196 1256 2269 1311 15

296 1330 473 1389 Mane
494 1343 666 1407 caput
693 1332 780 1389 bis
807 1342 1025 1405 terque,
1047 1343 1106 1388 et
1131 1344 1362 1389 noctem
1390 1332 1628 1389 flumine
1655 1351 1882 1408 purgas.

374 1410 539 1467 Heus
565 1428 692 1485 age,
715 1411 1025 1485 responde:
1071 1409 1398 1483 (minimum
1428 1422 1533 1483 est,
1560 1411 1711 1485 quod
1739 1411 1887 1469 scire
1914 1412 2107 1470 laboro
2127 1412 2170 1489 t)

295 1488 385 1545 De
413 1488 556 1545 Jove
582 1488 718 1562 quid
747 1487 962 1544 sentis'l
1003 1500 1166 1545 estne
1193 1500 1258 1545 ut
1283 1507 1610 1564 praeponere
1638 1507 1806 1546 cures

296 1566 570 1623 Hunc—‘
589 1566 821 1622 cuinam
837 1567 877 1622 2’
923 1567 1191 1623 cuinam?
1236 1567 1319 1622 vis
1348 1567 1545 1624 Staio!
1587 1586 1661 1623 an
1689 1567 1911 1625 scilicet
1930 1568 2134 1642 haeres,

292 1644 447 1704 Quis
470 1644 653 1719 potior
668 1643 863 1718 judex,
892 1643 1151 1717 puerisve
1181 1645 1309 1718 quis
1338 1645 1515 1719 aptior
1543 1644 1736 1702 orbis‘l
2188 1647 2269 1703 20

296 1721 427 1779 Hoc
445 1722 636 1798 igitur,
665 1739 778 1795 quo
804 1731 866 1777 tu
886 1720 1045 1778 Jovis
1074 1740 1269 1778 aurem
1298 1723 1587 1798 impellere
1613 1733 1818 1794 tentas,

295 1799 407 1856 Dic
437 1801 686 1876 agedum
709 1798 900 1855 Staio:
943 1800 1085 1873 proh
1111 1798 1370 1873 Jupiter!
1412 1800 1470 1856 O
1500 1801 1671 1872 bone,
1700 1801 1933 1873 clamet,

295 1877 553 1954 Jupiter!
598 1886 657 1934 at
674 1894 797 1933 sese
825 1895 940 1932 non
969 1876 1181 1933 clamet
1208 1877 1432 1952 Jupiter
1460 1878 1620 1953 ipse'l

295 1956 590 2032 Ignovisse
619 1967 805 2031 putaS,
834 1955 990 2030 quia,
1011 1973 1188 2028 quum
1210 1966 1390 2026 tonat,
1420 1953 1583 2013 ocius
1604 1956 1719 2013 ilex

297 2034 525 2092 Sulfure
547 2032 850 2092 discutitur
877 2052 1062 2106 sacro,
1090 2032 1261 2110 quam
1286 2046 1459 2109 tuque
1488 2036 1835 2111 domusque?
2189 2036 2270 2096 25

295 2114 391 2169 An
420 2114 552 2188 quia
579 2133 693 2171 non
723 2113 878 2169 fibris
904 2113 1093 2170 ovium
1122 2113 1504 2189 Ergennaque
1527 2114 1768 2188 jubente

295 2190 489 2248 Triste
512 2191 669 2266 jaces
697 2191 843 2248 lucis
871 2193 1310 2265 evitandumque
1342 2193 1611 2265 bidental,

297 2269 525 2327 Idcirco
552 2270 810 2327 stolidam
837 2271 1053 2344 praebet
1079 2270 1180 2327 tibi
1208 2272 1415 2328 vellere
1443 2272 1674 2328 barbam

296 2346 331 2402 J
340 2348 559 2423 upiter'l
601 2359 697 2404 aut
725 2348 995 2422 quidnam
1023 2359 1128 2421 est,
1157 2349 1269 2422 qua
1296 2360 1358 2405 tu
1387 2350 1652 2407 mercede
1679 2351 1913 2407 deorum

299 2426 524 2483 Emeris
550 2427 876 2483 auriculas!
914 2428 1182 2502 pulmone
1209 2438 1266 2483 et
1292 2428 1539 2484 lactibus
1567 2429 1794 2486 unctis!
2191 2430 2272 2487 30

376 2504 533 2561 Ecce
563 2505 706 2576 avia,
734 2515 832 2562 aut
857 2517 1119 2562 metuens
1146 2504 1341 2561 divum
1369 2517 1686 2577 matertera,
1715 2508 1881 2564 cunis

295 2582 527 2639 Exemit
552 2601 813 2657 puerum,
843 2583 1193 2658 frontemque
1217 2594 1386 2657 atque
1413 2586 1526 2641 uda
1553 2585 1756 2642 labella
1780 2597 1783 2598 ’

295 2659 505 2718 Infami
533 2660 711 2736 digito
736 2672 795 2718 et
819 2660 1142 2719 lustralibus
1171 2660 1305 2719 ante
1335 2662 1522 2719 salivis

296 2739 524 2815 Expiat,
553 2750 782 2796 urentes
808 2740 1003 2797 oculos
1031 2740 1289 2797 inhibere
1318 2742 1514 2815 perita.

295 2818 474 2874 Tunc
501 2817 764 2874 manibus
791 2818 990 2891 quatit,
1019 2828 1077 2875 et
1103 2838 1260 2893 spem
1289 2837 1540 2876 macram
1570 2820 1825 2895 supplice
1853 2831 1980 2879 voto
2190 2823 2271 2880 35

295 2895 356 2953 N
363 2913 475 2952 unc
504 2894 694 2952 Licini
723 2895 783 2951 in
813 2914 1063 2972 campoS,
1091 2915 1247 2953 nunc
1275 2896 1468 2954 Crassi
1498 2899 1669 2956 mittit
1695 2899 1756 2955 in
1785 2901 1953 2956 tedes,

297 2973 477 3030 Hunc
504 2984 700 3048 optent
726 2993 1000 3048 generum
1028 2994 1128 3031 rex
1153 2987 1211 3032 et
1238 2975 1469 3051 regina!
1513 2977 1715 3051 puellae

302 3051 483 3109 Hunc
511 3052 769 3127 rapiant!
814 3052 1083 3126 quicquid
1113 3053 1416 3111 calcaverit
1442 3055 1557 3126 hic,
1585 3075 1714 3112 rosa
1739 3055 1838 3114 fiat
1861 3057 1874 3113 !

298 3129 410 3186 Ast
435 3148 543 3205 ego
570 3130 779 3187 nutrici
809 3149 925 3186 non
953 3131 1163 3188 mando
1190 3142 1320 3188 vota
1343 3150 1356 3187 :
1401 3144 1625 3208 negato,

296 3207 540 3282 Jupiter,
570 3209 693 3265 hoec
721 3209 821 3278 illi,
849 3209 1104 3282 quamvis
1130 3219 1186 3266 te
1213 3210 1399 3267 albata
1426 3212 1655 3287 rogarit.
2197 3212 2275 3269 40

376 3286 572 3343 Poscis
598 3305 763 3362 opem
792 3288 977 3344 nervis
1004 3305 1317 3363 corpusque
1344 3290 1509 3348 fidele
1537 3301 1800 3347 senectae.

296 3363 460 3435 Est0,
490 3383 629 3440 age:
672 3366 772 3421 sed
800 3368 1046 3441 grandes
1073 3368 1280 3441 patinae
1310 3380 1610 3443 tucetaque
1638 3388 1829 3425 crassa

298 3443 578 3499 Annuere
607 3443 695 3499 his
724 3443 972 3519 Superos
1000 3444 1251 3520 vetuere,
1282 3448 1596 3521 Jovemque
1625 3457 1930 3504 morantur.

378 3521 531 3577 Rem
562 3517 776 3578 struere
804 3534 1034 3597 exoptas
1060 3543 1212 3581 caeso
1240 3526 1401 3596 bove,
1430 3524 1896 3599 Mercuriumque

299 3599 563 3655 Arcessis
592 3600 764 3656 fibra:
808 3601 899 3657 Da
928 3601 1215 3658 fortunare
1237 3614 1474 3676 penates
1499 3604 1510 3658 !
2199 3602 2279 3660 45

297 3677 393 3734 Da
423 3696 621 3752 pecuS,
650 3689 708 3735 et
734 3679 1002 3754 gregibus
1031 3680 1229 3736 foetum
1253 3681 1265 3735 !
1310 3699 1439 3753 quo,
1468 3681 1731 3756 pessime,
1760 3691 1946 3755 pacto,

295 3755 419 3814 Tot
446 3756 550 3812 tibi
577 3775 751 3831 quum
782 3756 841 3813 in
870 3756 1112 3815 flammis
1134 3757 1399 3831 junicum
1426 3768 1657 3816 omenta
1681 3757 2042 3834 liquescant?

295 3833 373 3891 Et
400 3846 592 3893 tamen
614 3835 710 3892 hic
736 3835 880 3892 extis
907 3847 964 3893 et
990 3835 1180 3909 opimo
1205 3835 1435 3891 vincere
1464 3835 1607 3893 serto
