2613 4161
1109 236 1358 283 SATlRA
1394 237 1463 283 11.

292 376 622 447 Infremuit‚
654 378 819 433 rubet
847 378 1087 447 auditor,
1118 377 1212 433 cui
1242 377 1448 451 frigida
1476 396 1636 434 mens
1665 384 1754 434 est

290 455 661 525 CriminibuS‚
699 456 873 512 tacita
901 456 1106 510 sudant
1133 457 1449 528 praecordia
1476 454 1664 529 culpa.

291 530 438 589 Inde
472 534 590 604 irae,
619 544 676 589 et
704 534 983 606 lacrymae.
1069 533 1296 588 Tecum
1326 531 1485 606 prius
1513 530 1652 607 ergo
1674 533 1870 590 voluta

297 611 439 667 Haec
469 613 660 667 animo
689 623 818 668 ante
847 613 1044 667 tubas:
1089 611 1373 685 galeatum
1403 608 1532 667 sero
1563 611 1739 668 duelli

293 689 556 746 Poenitet.
640 689 933 763 Experiar,
965 690 1099 762 quid
1129 690 1480 746 concedatur
1511 689 1572 745 in
1601 689 1748 761 illos,

292 767 555 829 Quorum
584 767 873 825 Flaminia
900 767 1108 843 tegitur
1136 768 1282 823 cinis
1311 778 1479 842 atque
1508 766 1734 826 Latina.

1080 1080 1392 1138 SATIRA
1440 1080 1523 1139 ΙΙ.

373 1237 584 1294 ΙΙΠΓΒΑ
614 1236 976 1295 Sauromatas
1006 1238 1198 1314 sugere
1227 1238 1365 1295 hinc
1393 1238 1534 1295 libet
1560 1248 1619 1296 et
1644 1238 1945 1314 glacialem

294 1316 618 1386 Oceanum,
647 1317 866 1389 quoties
894 1317 1106 1391 aliquid
1138 1318 1208 1373 de
1238 1318 1491 1375 moribus
1521 1319 1757 1391 audent,

293 1395 417 1456 Qui
448 1394 650 1451 Curios
679 1395 962 1466 simulant,
993 1405 1049 1451 et
1076 1395 1460 1454 Bacchanalia
1488 1397 1699 1453 vivunt.

295 1472 522 1529 Indocti
550 1471 796 1547 primum
821 1493 835 1543 ;
878 1493 1199 1547 quanquam
1227 1475 1397 1548 plena
1424 1475 1618 1532 omnia
1644 1493 1821 1550 gypso

294 1551 595 1626 Chrysippi
625 1553 896 1609 invenias
955 1552 1109 1608 Nam
1137 1553 1581 1627 perfectissimus
1609 1555 1811 1611 horum
1838 1561 1944 1627 est,

295 1629 359 1685 Si
389 1630 514 1702 quis
542 1631 909 1687 Aristotelem
938 1631 1180 1687 similem
1208 1631 1294 1687 vel
1325 1631 1585 1689 Pittacon
1614 1632 1772 1703 emit,

291 1706 369 1762 Et
391 1707 554 1781 jubet
581 1710 914 1782 archetypos
940 1710 1193 1782 pluteum
1225 1729 1448 1767 servare
1471 1711 1801 1768 Cleanthas·

292 1784 497 1841 Fronti
526 1786 684 1840 nulla
710 1786 871 1841 fides.
951 1787 1104 1847 Quis
1132 1787 1284 1842 enim
1315 1807 1430 1844 non
1459 1789 1619 1844 vicus
1647 1787 1903 1846 abundat

293 1862 592 1919 Tristibus
617 1863 940 1920 obscoenis'?
1025 1863 1287 1938 Castigas
1316 1865 1503 1938 turpia
1518 1867 1624 1920 2—

291 1940 636 2015 Loripedem
665 1952 855 1997 rectus
883 1941 1156 2011 derideat,
1187 1941 1516 2016 AEthiopem
1545 1943 1722 1999 albus·

291 2019 446 2079 Quis
474 2019 667 2075 tulerit
693 2020 986 2075 Gracchos
1018 2020 1088 2075 de
1118 2020 1398 2076 seditione
1426 2022 1774 2094 querentes?

290 2099 447 2159 Quis
476 2098 683 2154 coelum
713 2100 875 2155 terris
894 2119 1008 2156 non
1038 2100 1293 2170 misceat,
1324 2110 1382 2155 et
1409 2119 1563 2157 mare
1592 2101 1756 2174 coeIO,

295 2177 359 2232 Si
391 2178 478 2233 fur
507 2176 801 2250 displiceat
828 2178 1036 2234 Verri'l
1079 2179 1367 2235 homicida
1395 2176 1641 2236 Miloni?

292 2255 532 2312 Clodius
559 2266 788 2311 accuset
816 2257 1105 2312 moechos'!
1188 2256 1437 2312 Catilina
1464 2257 1826 2333 Cethegum‘l

293 2332 366 2389 In
396 2333 645 2390 tabulam
676 2333 850 2388 Sullae
880 2334 927 2389 si
956 2334 1150 2389 dicant
1178 2333 1441 2407 discipuli
1470 2335 1617 2390 tres‘l

289 2411 502 2472 Qualis
529 2421 650 2467 erat
677 2430 856 2485 nuper
886 2412 1101 2485 tragico
1127 2412 1373 2486 pOHutus
1402 2412 1620 2469 adulter

293 2490 645 2561 Concubitu,
674 2490 769 2562 qui
798 2501 935 2546 tunc
963 2491 1119 2565 leges
1146 2491 1446 2547 revocabat
1473 2511 1692 2547 amaras

291 2568 599 2639 OmnibuS,
629 2578 794 2640 atque
822 2568 957 2642 ipsis
984 2569 1198 2626 Veneri
1227 2568 1512 2643 Martique
1539 2569 1923 2627 timendas.—

293 2645 509 2703 Noune
540 2645 709 2720 igitur
733 2646 858 2721 jure
888 2666 956 2703 ac
983 2648 1185 2704 merito
1213 2649 1347 2705 vitia
1374 2649 1572 2706 ultima
1599 2648 1761 2706 fictos

293 2725 690 2781 Contemnunt
721 2725 987 2797 Scauros,
1017 2737 1073 2782 et
1101 2726 1376 2801 castigata
1404 2727 1774 2784 remordent?

373 2802 510 2859 Non
540 2802 667 2858 tulit
693 2822 763 2858 ex
791 2804 900 2859 illis
928 2814 1146 2860 torvum
1175 2804 1469 2862 Lauronia
1494 2804 1784 2879 quendam

293 2881 654 2937 Clamantem
682 2881 880 2937 toties:
924 2882 1035 2939 Ubi
1062 2902 1220 2940 nunc
1247 2884 1340 2940 lex
1368 2883 1561 2940 Juliat
1605 2883 1856 2940 dormis?

295 2960 389 3015 Ad
421 2977 590 3032 quem
620 2959 919 3016 subridens
945 2979 957 3016 ε
1002 2961 1221 3018 Felicia
1248 2973 1521 3036 tempora,
1550 2980 1675 3035 quae
1703 2972 1759 3016 te

296 3036 556 3093 Moribus
583 3040 905 3111 opponunt!
951 3038 1177 3094 Habeat
1200 3040 1318 3114 jam
1347 3040 1538 3097 Roma
1563 3037 1875 3113 pudorem!

295 3114 531 3171 Tertius
559 3135 592 3170 e
621 3115 767 3171 coelo
794 3115 1004 3171 cecidit
1031 3116 1193 3171 Cato,
1278 3118 1395 3187 Sed
1422 3128 1616 3172 tamen
1644 3117 1799 3172 unde

294 3193 443 3249 Haec
471 3193 635 3263 emiS,
666 3193 884 3248 hirsuto
912 3192 1126 3266 spirant
1152 3193 1512 3266 opobalsama
1539 3192 1687 3249 collo

288 3272 447 3333 Quae
476 3271 619 3327 tibi‘l
701 3268 797 3325 Ne
824 3271 1036 3344 pudeat
1063 3271 1356 3328 dominum
1384 3282 1698 3329 monstrare
1726 3269 1996 3328 tabernae.

288 3346 475 3411 Quod
505 3348 552 3404 si
582 3358 853 3404 vexantur
881 3349 1038 3424 leges
1067 3369 1135 3406 ac
1157 3350 1304 3426 jura,
1335 3351 1497 3407 citari

290 3429 450 3483 Ante
480 3445 682 3484 omnes
710 3427 881 3483 debet
910 3428 1179 3485 Scatinia.
1264 3429 1517 3503 Respice
1544 3422 1814 3501 primum,

292 3505 370 3561 Et
397 3514 654 3562 scrutare
683 3505 862 3561 viros:
909 3506 1123 3562 faciunt
1154 3506 1211 3561 hi
1239 3506 1402 3578 plura
1425 3526 1439 3573 3
1483 3505 1580 3559 sed
1610 3504 1735 3559 illos

290 3583 576 3640 Defendit
603 3601 893 3653 numerus,
918 3584 1243 3657 junctaeque
1272 3582 1517 3637 umbone
1545 3582 1878 3655 phalanges,

292 3661 515 3736 Magna
544 3661 691 3717 inter
719 3661 915 3717 molles
944 3660 1265 3716 concordia.
1322 3708 1325 3712 .
1348 3659 1484 3716 Non
1512 3660 1619 3716 erit
1645 3658 1827 3714 ullum

301 3739 640 3815 Exemplum
668 3738 728 3794 in
752 3748 942 3869 nfitro
971 3748 1085 3795 tam
1115 3738 1444 3795 detestabile
1472 3755 1712 3795 sexu,—

2168 611 2280 670 160

2202 1942 2278 2002 10

2201 2334 2278 2394 15

2193 2726 2275 2787 20

2198 3495 2281 3555 30
