2613 4161
345 211 422 266 3ος
892 186 915 199 ”
981 208 1044 255 o.
1078 207 1273 256 JUN11
1308 207 1695 256 JUvE-NALIS

347 345 607 405 Mordeat
635 347 769 404 ante
799 344 1018 422 aliquia,
1046 346 1318 422 quidquid
1344 346 1655 422 porrexerit
1682 347 1800 421 illa,

342 426 495 485 Quae
524 426 740 500 peperit
763 445 777 481 ε
817 426 1051 482 timidus
1078 437 1382 501 praegustet
1407 427 1613 500 pocula
1637 445 1864 502 pappaS.

347 502 645 579 Fingimus
674 504 818 578 haec,
846 504 1023 560 altum
1054 504 1241 560 Satira
1270 514 1530 560 sumente
1558 507 1902 561 cothurnum

345 581 601 652 Scilicet,
630 592 705 653 et,
734 581 907 638 finem
936 582 1149 656 egressi
1175 582 1471 656 legemque
1498 583 1769 657 priorum,

342 660 574 716 Grande
606 659 924 734 Sophocleo
951 677 1182 716 carmen
1213 659 1561 716 bacchamur
1591 660 1770 733 hiatu,

345 737 636 794 Montibus
657 737 911 812 ignotum
940 737 1195 808 Rutulis,
1223 737 1479 811 coeloque
1507 736 1730 796 Latino.

343 815 467 872 Nos
493 816 712 872 utinam
741 816 902 872 vani!
948 817 1047 872 sed
1077 816 1284 873 clamat
1312 815 1533 887 Pontia,
1563 816 1725 889 Feci,

343 893 650 965 Confiteor,
677 894 977 969 puerisque
1004 893 1148 950 meis
1175 894 1401 951 aconita
1425 894 1636 969 paravi,

340 971 492 1032 Quae
521 972 802 1047 deprensa
829 983 1056 1047 patent:
1101 972 1321 1029 facinus
1347 982 1538 1029 tamen
1568 973 1687 1047 ipsa
1712 971 1926 1048 peregi.

342 1049 517 1106 Tune
545 1051 688 1107 duos
715 1050 853 1121 una,
882 1050 1188 1107 saevissima
1215 1051 1425 1125 vipera,
1455 1051 1663 1108 coena'l

341 1126 517 1184 Tune
546 1128 727 1185 duos?
810 1128 1061 1203 Septem,
1089 1128 1136 1184 si
1166 1139 1382 1202 septem
1415 1126 1557 1196 forte
1588 1128 1843 1185 fuissent.

342 1205 658 1263 Credamus
683 1206 932 1281 tragiciS,
962 1206 1234 1281 quidquid
1263 1207 1336 1263 de
1364 1207 1643 1264 Colchide
1671 1207 1828 1265 torva

348 1283 568 1340 Dicitur
595 1295 653 1341 et
679 1283 901 1340 Procne
925 1302 939 1340 :
981 1284 1061 1340 nil
1089 1282 1291 1342 contra
1321 1304 1515 1357 conor,
1543 1294 1601 1342 et
1628 1285 1738 1342 illae

339 1360 599 1418 Grandia
624 1373 874 1420 monstra
901 1362 1019 1419 suis
1045 1363 1334 1420 audebant
1358 1363 1737 1438 temporibus;
1781 1363 1883 1420 sed

339 1437 476 1496 Non
504 1450 728 1515 propter
754 1458 1038 1498 nummos
1121 1438 1315 1498 Minor
1343 1442 1639 1499 admiratio
1666 1441 1905 1498 summis

341 1516 599 1575 Debetur
628 1519 912 1591 monstriS,
940 1519 1157 1594 quoties
1185 1519 1322 1576 facit
1348 1519 1431 1577 ira
1459 1529 1763 1577 nocentem

343 1594 519 1653 Hunc
545 1615 764 1669 sexum,
792 1608 851 1655 et
875 1597 1033 1654 rabie
1054 1596 1218 1672 jecur
1246 1597 1591 1654 incendente
1620 1598 1877 1655 feruntur

340 1672 668 1749 Praecipites
690 1693 706 1745 ;
747 1685 811 1732 ut
837 1695 973 1732 saxa
994 1675 1147 1751 jugis
1173 1675 1431 1750 abrupta,
1459 1676 1666 1750 quibus
1693 1694 1858 1733 mons

341 1752 723 1824 Subtrahitur,
752 1753 1008 1828 clivoque
1034 1753 1182 1811 latus
1208 1755 1495 1830 pendente
1524 1755 1757 1811 recedit.

419 1830 582 1889 Illam
610 1850 718 1907 ego
744 1851 860 1889 non
888 1831 1135 1904 tulerim,
1163 1851 1288 1907 quae
1318 1844 1626 1911 computat,
1654 1843 1712 1890 et
1737 1830 1925 1889 scelus
1951 1830 2161 1907 ingens

341 1909 497 1967 Sana
525 1909 675 1966 facit.
760 1911 1034 1986 Spectant
1062 1912 1402 1968 subeuntem
1434 1911 1547 1968 fata
1572 1911 1760 1968 mariti

343 1987 636 2058 Alcestim,
664 1998 741 2058 et,
768 1988 967 2045 similis
994 1989 1042 2045 si
1069 1989 1407 2063 permutatio
1436 1990 1619 2059 detur,

343 2064 525 2122 Morte
553 2065 654 2122 viri
681 2066 913 2141 cupient
940 2067 1186 2124 animam
1215 2086 1436 2123 servare
1464 2068 1699 2125 catellae.

336 2145 666 2220 Occurrent
692 2144 885 2202 multae
912 2145 1016 2203 tibi
1044 2145 1272 2202 Belides
1301 2156 1467 2220 atque
1496 2144 1781 2221 Eriphylae

340 2220 517 2279 Mane
543 2241 557 2280 ε
600 2223 1091 2298 Clytaemnestram
1118 2224 1309 2280 nullus
1335 2243 1451 2281 non
1478 2224 1638 2280 vicus
1665 2225 1913 2283 habebit.

344 2302 471 2359 Hoc
496 2298 717 2359 tantum
747 2302 939 2375 refert,
966 2301 1119 2378 quod
1148 2302 1438 2378 Tyndaris
1463 2302 1562 2360 illa
1589 2302 1897 2379 bipennem

344 2379 621 2437 [nsulsum
648 2390 707 2438 et
735 2379 946 2439 fatuam
974 2382 1175 2439 dextra
1201 2381 1464 2457 laevaque
1490 2382 1737 2440 tenebat.

340 2457 421 2514 At
447 2476 604 2515 nunc
631 2476 723 2515 res
749 2458 937 2533 agitur
962 2460 1123 2516 tenui
1150 2459 1420 2534 pulmone
1445 2460 1694 2529 rubetae3

340 2536 453 2593 Sed
487 2552 677 2594 tamen
703 2545 763 2593 et
788 2536 954 2607 ferro,
975 2537 1024 2594 si
1049 2536 1420 2612 praegustabit
1445 2536 1680 2595 Atrides

340 2613 579 2674 Pontica
604 2625 690 2673 ter
714 2613 850 2673 victi
875 2625 1077 2673 cautus
1104 2613 1487 2672 medicamina
1511 2615 1679 2691 regis.

2210 424 2336 484 510

2204 817 2327 875 515

2200 1206 2327 1265 520

2197 1595 2324 1654 525

2197 1988 2321 2045 530
