2613 4161
320 248 432 307 wo
988 244 1050 291 A.
1088 243 1312 290 PERsu
1348 242 1570 290 FLAcc

314 385 515 447 Quum
543 386 694 444 bene
720 383 1004 444 discincto
1030 384 1343 442 cantaverit
1368 383 1559 441 ocima
1585 401 1790 440 vernae.

319 465 392 521 Ut
420 484 590 523 nemo
618 465 678 521 in
709 484 833 521 sese
861 475 1042 521 tentat
1069 463 1439 531 descendere,
1470 462 1669 518 nemo!

318 544 433 599 Sed
462 543 807 618 praecedenti
837 553 1122 617 spectatur
1145 541 1394 596 mantica
1421 551 1596 614 tergo,

393 620 729 693 Quaesieris,
759 619 988 676 Nostin’
1020 618 1250 675 Vectidi
1272 618 1525 692 praedia'l
1569 622 1583 647 ‘
1608 618 1771 692 cujus
1787 618 1828 672 'l’
2221 617 2301 673 25

309 697 494 755 Dives
522 709 642 755 arat
668 698 935 767 CuribuS,
963 693 1238 771 quantum
1267 714 1381 752 non
1412 696 1612 752 milvus
1639 697 1876 752 oberret.

321 781 334 806 ‘
369 775 546 832 Hunc
568 776 689 833 ais'l
732 776 886 831 hunc
914 773 1003 830 dis
1031 774 1188 831 iratis
1214 773 1497 848 genioque
1526 774 1791 830 sinistro'l

317 853 442 914 Qui
471 854 806 928 quandoque
827 852 1030 928 jugum
1056 862 1286 927 pertusa
1315 852 1387 907 ad
1411 851 1658 926 compita
1675 851 1814 927 figit,

322 932 555 988 Seriolae
584 941 830 987 veterem
858 942 1121 987 metuens
1148 929 1423 986 deradere
1451 929 1672 1000 limum,

319 1007 590 1084 Ingemit,
617 1009 750 1065 Hoc
778 1008 908 1065 bene
934 1010 1050 1065 sit!
1091 1008 1406 1065 tunicatum
1436 1025 1569 1062 cum
1601 1007 1716 1063 sale
1744 1005 2014 1064 mondens
2215 1006 2299 1064 30

320 1087 526 1162 Caepe:
569 1098 625 1144 et
654 1086 860 1143 farrata
909 1086 1097 1162 pueris
1124 1085 1528 1160 plaudentibus
1574 1085 1715 1154 olla,

320 1163 642 1222 Pannosam
671 1166 870 1222 faecem
898 1165 1188 1221 morientis
1216 1163 1614 1220 sorbettaoeti!
1649 1162 1683 1195 ²¹²
1707 1161 1741 1194 ²¹¹
1765 1161 1799 1194 ²¹¹
1824 1162 1858 1195 ²¹²
1881 1164 1917 1199 ⁴¹²

399 1241 709 1313 CaedimuS,
739 1242 909 1316 inque
937 1243 1118 1298 vicem
1146 1243 1466 1317 praebemus
1496 1260 1661 1297 crura
1687 1242 1922 1317 sagittis,

320 1318 543 1377 Vivitur
572 1321 680 1376 hoc
706 1332 901 1394 pacto:
945 1320 1029 1377 sic
1059 1320 1351 1376 novimus:
1396 1318 1492 1375 ilia
1519 1320 1711 1376 subter

320 1395 556 1453 Caecum
584 1397 787 1453 vulnus
809 1397 1016 1454 habes:
1059 1399 1155 1453 sed
1186 1397 1300 1454 lato
1330 1397 1549 1454 balteus
1578 1416 1716 1456 auro
2214 1400 2297 1456 35

319 1472 618 1550 Praetegit:
662 1486 725 1533 ut
750 1476 946 1546 mavis,
975 1477 1047 1532 da
1076 1476 1263 1546 verba,
1292 1487 1351 1533 et
1371 1475 1572 1549 decipe
1599 1495 1818 1548 nervOS,

322 1551 394 1606 Si
414 1563 591 1627 potes.
675 1557 691 1584 ‘
710 1552 1020 1629 Egregium
1049 1572 1223 1628 quum
1251 1573 1344 1610 me
1373 1554 1581 1610 vicinia
1608 1554 1781 1627 dicat,

319 1628 456 1687 Non
486 1632 715 1689 credam
733 1634 773 1688 'l’
856 1633 1015 1703 Viso,
1044 1633 1090 1688 si
1119 1632 1317 1706 palles,
1349 1631 1622 1707 improbe,
1651 1651 1918 1701 numm03
1942 1631 1978 1666 ’¹‘
2000 1632 2036 1667 ⁴¹²
2060 1632 2096 1667 ⁴¹²
2120 1633 2156 1668 ’¹‘

322 1708 385 1764 Si
414 1709 602 1783 puteal
630 1710 812 1768 multa
836 1721 1037 1767 cautus
1060 1711 1243 1767 vibice
1273 1710 1554 1786 flagellas:

318 1785 723 1864 Nequicquam
748 1788 955 1864 populo
984 1789 1202 1845 bibulas
1230 1789 1527 1845 donaveris
1557 1807 1739 1846 aures.
2216 1787 2298 1845 40

320 1864 578 1943 Respue,
606 1868 755 1941 quod
778 1886 893 1924 non
922 1886 985 1923 es
1008 1886 1021 1923 z
1065 1867 1221 1924 tollat
1250 1886 1355 1923 sua
1381 1885 1622 1923 munera
1650 1867 1838 1924 cerdo,

321 1942 549 2003 Tecum
576 1944 784 2018 habita,
816 1956 875 2004 et
900 1942 1075 2013 ustis,
1104 1943 1276 2020 quam
1304 1945 1378 2002 sit
1404 1945 1506 2001 tibi
1533 1956 1697 2004 curta
1723 1944 1993 2022 supellex.

1090 2257 1410 2316 SATIRA
1451 2259 1523 2315 V.

897 2430 994 2479 AD
1027 2428 1455 2478 MAGISTRUM
1491 2429 1690 2479 SUUM
1704 2451 1719 2464 .

973 2588 1057 2627 AN
1058 2588 1102 2627 N
1103 2589 1249 2628 AEUM
1288 2588 1641 2629 CORNUTUM.

398 2725 673 2784 Vri-rmus
700 2724 798 2784 hic
822 2743 945 2785 mos
971 2737 1076 2799 est,
1105 2738 1338 2785 centum
1368 2728 1475 2785 sibi
1501 2746 1736 2804 poscere
1763 2746 1950 2799 voces,

321 2802 569 2861 Centum
596 2823 713 2878 ora,
741 2815 800 2863 et
825 2805 1049 2882 linguas
1074 2816 1267 2881 optare
1295 2806 1355 2863 in
1384 2806 1638 2864 carmina
1664 2816 1919 2879 centum,

320 2880 541 2939 Fabula
567 2901 669 2940 seu
696 2895 898 2940 moesto
922 2896 1160 2959 ponatur
1188 2885 1399 2941 hianda
1427 2885 1700 2961 tragoed0,

321 2960 578 3019 Vulnera
604 2979 706 3018 seu
734 2962 931 3019 Parthi
959 2963 1221 3019 ducentis
1249 2964 1323 3019 ab
1349 2964 1586 3038 inguine
1616 2963 1845 3019 ferrum.

398 3040 692 3100 Quorsum
716 3039 882 3097 haec'l
927 3050 1025 3097 aut
1049 3051 1290 3115 quantas
1318 3041 1533 3098 robusti
1562 3041 1832 3099 carminis
1855 3039 1999 3097 offas
2257 3040 2302 3097 5

328 3115 565 3193 Ingeris,
591 3128 656 3176 ut
681 3136 782 3194 par
810 3119 885 3175 sit
910 3130 1154 3176 centeno
1180 3129 1409 3194 gutture
1438 3119 1583 3176 niti?

320 3195 555 3252 Grande
582 3195 824 3254 locuturi
853 3197 1092 3253 nebulas
1121 3197 1402 3254 Helicone
1429 3197 1683 3272 legunt0,

325 3272 387 3328 Si
416 3273 619 3345 quibus
646 3285 744 3331 aut
773 3275 1043 3345 Procnes,
1073 3286 1169 3330 aut
1197 3275 1244 3331 si
1271 3276 1477 3348 quibus
1503 3275 1618 3332 olla
1647 3273 1920 3348 Thyestae

325 3349 607 3421 Fervebit,
637 3370 786 3428 saepe
814 3352 1027 3409 insulso
1055 3354 1343 3408 coenanda
1370 3353 1631 3427 Glyconi.

325 3427 422 3482 Tu
443 3446 628 3501 neque
656 3429 964 3501 anhelanti,
993 3431 1250 3503 coquitur
1279 3429 1417 3485 dum
1450 3450 1634 3487 massa
1662 3430 1908 3500 camin0,
2232 3428 2302 3487 10

324 3502 487 3561 Folle
513 3507 721 3579 premis
751 3519 979 3577 ventos3
1023 3527 1134 3564 nec
1162 3508 1359 3564 clauso
1388 3527 1677 3564 murmure
1706 3526 1914 3566 raucus

326 3579 541 3638 Nescio
567 3583 703 3657 quid
731 3593 921 3640 tecum
948 3604 1119 3660 grave
1141 3586 1449 3642 cornicaris
1478 3583 1704 3661 inepte3

327 3656 459 3718 Nec
486 3660 704 3733 stloppo
730 3661 977 3716 tumidas
1003 3664 1252 3718 intendis
1279 3682 1542 3736 rumpere
1572 3665 1802 3721 buccas·

333 3732 522 3790 Verba
546 3743 693 3808 togae
720 3735 991 3806 sequeris,
1013 3737 1284 3808 junctura
1314 3740 1555 3795 callidus
1581 3741 1724 3812 acri,
