2613 4161
298 240 414 316 τί
935 253 1002 302 D.
1035 251 1232 302 surm
1265 251 1656 300 JUVENALIS

301 397 451 456 Sunt
476 393 737 471 quaedam
764 393 1028 453 vitiorum
1055 393 1376 451 elementa:
1419 392 1508 448 his
1533 402 1807 466 protenus
1833 390 1960 450 illos

300 474 534 546 Imbuit‚
562 484 622 531 et
647 472 803 548 cogit
827 472 1092 530 minimas
1119 472 1377 529 ediscere
1405 471 1617 527 sordes.

301 551 441 609 Mox
469 551 800 626 acquirendi
831 552 1000 608 docet
1027 549 1345 606 insatiabile
1374 561 1585 604 votum.
2182 547 2299 605 125

303 630 606 687 Servorum
634 638 858 686 ventres
884 628 1076 685 modio
1103 626 1344 701 castigat
1366 625 1581 699 iniqu0,

301 705 434 782 Ipse
461 725 684 782 quoque
712 706 1002 764 esuriens:
1044 723 1232 777 neque
1258 703 1415 761 enim
1444 703 1640 760 omnia
1666 702 1908 761 sustinet
1932 721 2189 778 unquam

304 784 545 843 Mucida
570 783 802 841 caerulei
830 784 995 859 panis
1021 800 1361 839 consumere
1390 781 1586 852 frusta,

304 861 659 921 Hesternum
687 861 885 920 solitus
911 860 1104 918 medio
1130 877 1354 916 servare
1382 859 1620 915 minutal

306 938 657 1016 Septembri:
700 958 812 997 nec
837 957 954 996 non
983 937 1211 996 differre
1238 938 1298 994 in
1326 947 1583 1011 tempora
1609 956 1790 994 coenae
2182 936 2300 993 130

305 1018 561 1076 Alterius
587 1018 869 1075 conchem
891 1016 1140 1073 aestivam
1168 1033 1301 1071 cum
1329 1026 1489 1090 parte
1516 1014 1716 1072 lacerti

307 1095 625 1170 Signatam,
653 1094 743 1152 vel
770 1094 1007 1153 dimidio
1032 1093 1294 1170 putrique
1323 1092 1517 1164 siluro,

305 1172 546 1246 Pilaque
575 1172 773 1229 sectivi
801 1182 1100 1230 numerata
1126 1170 1424 1227 includere
1450 1170 1618 1246 porri.

306 1249 589 1307 Invitatus
615 1251 689 1313 ad
715 1250 842 1306 haec
870 1249 1070 1324 aliquis
1096 1248 1170 1306 de
1197 1258 1370 1323 ponte
1396 1249 1645 1324 negabit.

308 1328 425 1384 Sed
452 1324 565 1401 quo
595 1326 818 1385 divitias
846 1328 972 1384 haec
997 1347 1097 1402 per
1124 1337 1409 1384 tormenta
1436 1337 1682 1398 coactaS,
2182 1325 2300 1383 135

303 1403 510 1464 Quum
538 1404 689 1463 furor
715 1405 868 1463 haud
898 1405 1124 1475 dubiuS,
1156 1422 1331 1479 quum
1359 1405 1432 1460 sit
1459 1404 1760 1461 manifesta
1784 1403 2098 1478 phrenesi8‚

306 1481 386 1539 Ut
411 1481 664 1557 locuples
685 1483 961 1556 moriaris,
990 1482 1213 1558 egentis
1241 1484 1429 1539 vivere
1457 1483 1616 1538 fato'l

307 1559 538 1617 Interea
561 1559 731 1635 pleno
756 1578 932 1634 quum
961 1570 1152 1635 turget
1173 1559 1442 1617 sacculus
1467 1579 1585 1630 ore,

308 1636 537 1706 Crescit
565 1656 720 1696 amor
748 1639 989 1710 nummi,
1018 1636 1296 1712 quantum
1326 1638 1448 1712 ipsa
1475 1637 1725 1713 pecunia
1752 1637 1961 1706 crevit3

308 1714 385 1772 Et
411 1713 603 1774 minsis
631 1716 784 1773 hanc
810 1726 985 1791 optat,
1012 1716 1110 1790 qui
1138 1733 1255 1773 non
1284 1716 1474 1772 habet.
1558 1713 1715 1790 Ergo
1743 1726 1977 1791 paratur
2183 1714 2301 1772 14⁰

310 1791 512 1851 Altera
536 1792 670 1850 villa
695 1793 819 1866 tibi,
848 1812 1024 1868 quum
1050 1812 1149 1851 rus
1175 1813 1292 1851 non
1322 1793 1531 1850 sufficit
1556 1811 1758 1865 unum,

308 1870 386 1928 Et
410 1872 660 1947 proferre
685 1871 825 1929 libet
849 1872 995 1930 fines
1016 1891 1032 1941 3
1074 1872 1363 1948 majorque
1390 1872 1612 1928 videtur

306 1948 385 2005 Et
413 1949 610 2007 melior
639 1949 827 2007 vicina
852 1968 1017 2026 seges
1041 1968 1056 2008 t
1098 1949 1372 2008 mercaris
1398 1959 1456 2006 et
1486 1950 1655 2022 hanc,
1682 1959 1743 2007 et

308 2026 583 2102 Arbusta‚
612 2038 671 2085 et
695 2028 876 2086 densa
903 2039 1155 2086 montem
1182 2028 1279 2103 qui
1308 2040 1479 2086 canet
1497 2028 1662 2086 oliva.

305 2104 575 2165 Quorum
603 2106 650 2163 si
678 2107 859 2180 pretio
886 2106 1151 2163 dominus
1177 2124 1296 2164 non
1324 2105 1570 2164 vincitur
1597 2107 1735 2179 ullo,
2190 2107 2302 2165 145

307 2181 498 2240 Nocte
527 2184 696 2241 boves
722 2183 921 2255 macri,
942 2184 1203 2259 lassoque
1231 2183 1493 2241 famelica
1519 2184 1668 2242 collo

308 2259 345 2316 J
349 2272 584 2319 umenta
610 2261 682 2319 ad
710 2261 920 2326 virides
946 2261 1116 2338 hujus
1142 2262 1440 2320 mittentur
1467 2263 1698 2332 aristas3

307 2337 440 2395 Nec
465 2337 623 2416 prins
651 2338 785 2397 inde
814 2341 1065 2412 domum,
1094 2339 1265 2416 quam
1292 2351 1410 2398 tota
1436 2340 1661 2399 novalia
1687 2359 1865 2400 saevos

309 2415 381 2474 In
408 2428 632 2475 ventres
659 2418 886 2491 abeant,
914 2429 979 2476 ut
1005 2421 1205 2476 credas
1233 2419 1475 2475 falcibus
1502 2430 1711 2476 actum.

308 2494 520 2552 Dicere
546 2495 640 2552 vix
664 2496 864 2570 possis,
892 2494 1062 2570 quAm
1093 2496 1256 2553 multi
1285 2497 1421 2553 talia
1444 2496 1686 2572 plorent,
2187 2497 2304 2555 150

308 2570 385 2628 Et
412 2583 549 2645 quot
574 2572 805 2629 venales
834 2574 1042 2648 injuria
1069 2574 1268 2632 fecerit
1294 2594 1478 2650 agros.

310 2649 427 2705 Sed
455 2650 551 2724 qui
584 2653 912 2707 sermones?
952 2649 1125 2725 quam
1153 2652 1317 2709 foedae
1347 2652 1597 2709 buccina
1624 2652 1832 2710 famoe'l

310 2725 473 2788 Quid
503 2737 676 2784 nocet
703 2728 858 2784 hoc'l
900 2728 1102 2803 inquit.
1186 2729 1481 2787 Tunicam
1509 2731 1653 2788 mihi
1678 2730 1829 2790 malo
1854 2729 2060 2805 lupini,

307 2801 509 2865 Quam
540 2805 586 2863 si
619 2823 712 2862 me
734 2815 859 2864 toto
885 2806 1082 2865 laudet
1107 2806 1318 2865 vicinia
1337 2827 1505 2884 pago,

308 2881 522 2958 Exigui
548 2883 697 2940 ruris
721 2884 1066 2958 paucissima
1093 2885 1240 2942 farra
1266 2897 1577 2944 secantem.
2183 2887 2300 2944 155

310 2960 549 3018 Scilicet
575 2969 634 3018 et
661 2962 872 3018 morbis
897 2972 956 3019 et
984 2962 1275 3021 debilitate
1305 2964 1547 3035 carebis,

308 3038 387 3096 Et
412 3038 632 3096 luctum
659 3049 718 3096 et
744 3057 940 3096 curam
968 3040 1227 3116 effugies,
1246 3052 1306 3098 et
1332 3052 1586 3116 tempora
1612 3042 1742 3100 vitae

308 3115 512 3193 Longa
537 3116 639 3188 tibi
665 3126 794 3193 post
819 3117 947 3175 haec
975 3117 1089 3177 fato
1114 3120 1683 3193 meliore-dabuntur,

309 3193 376 3251 Si
394 3205 624 3252 ‘tantum
652 3195 791 3253 culti
820 3196 973 3254 solus
997 3198 1319 3272 possederis
1347 3197 1489 3272 agri,

306 3270 612 3331 Quantum
641 3272 750 3329 sub
776 3273 951 3331 Tatio
964 3275 1209 3350 populus
1236 3275 1537 3333 Romanus
1565 3275 1780 3333 arabat.
2186 3276 2302 3334 160

309 3345 452 3405 Mox
478 3349 652 3408 etiam
680 3350 872 3409 fractis
900 3363 1064 3410 aetate
1092 3371 1162 3409 ac
1189 3352 1413 3410 Punica
1436 3353 1619 3428 passis

308 3423 536 3497 Proelia,
564 3426 652 3484 vel
680 3427 957 3502 Pyrrhum
985 3430 1317 3501 immanem,
1345 3431 1675 3507 gladiosque
1702 3430 2007 3505 Molossos,

309 3500 579 3560 Tandem
605 3523 708 3580 pro
735 3507 930 3563 multis
956 3507 1050 3564 vix
1071 3508 1273 3585 jugera
1300 3510 1435 3566 bina
1462 3511 1745 3567 dabantur

309 3578 677 3638 Vulneribus.
760 3581 988 3641 Merces
1015 3604 1085 3642 ea
1111 3587 1408 3662 sanguinis
1436 3597 1604 3662 atque
1634 3586 1844 3645 laboris

308 3654 501 3714 Nullis
522 3658 640 3715 visa
665 3676 916 3732 unquam
941 3664 1158 3719 meritis
1184 3665 1389 3735 minor,
1419 3675 1518 3722 aut
1545 3665 1783 3741 ingratae
2189 3665 2308 3724 165

309 3732 493 3810 Curta
515 3732 658 3792 fides
682 3735 897 3810 patriae.
976 3738 1285 3798 Saturabat
1306 3742 1541 3817 glebula
1563 3743 1695 3801 talis
